%%%%%%%%%%%%%%%%%%%%%%%%%%%%%%%%%%%%%%%%%%%%%%%%%%%%%%%%%%%%%%%%%%%%%%%%%%%%%%%%%%%%%%%%%%%%%%%%%%%%
%%%%%%%%%%%%%%%%%%%%%%%%%%%%%%%%%%%%%%%%%%%%%%%%%%%%%%%%%%%%%%%%%%%%%%%%%%%%%%%%%%%%%%%%%%%%%%%%%%%%

@INPROCEEDINGS{YYY,
  author =       {YYY},
  title =        {YYY},
  booktitle =    {YYY},
  year =         {YYY},
  pages =        {YYY},
}

@INPROCEEDINGS{ABKMRT07,
  author =       {I.~Abraham and M.~Balakrishnan and F.~Kuhn and D.~Malkhi and V.~Ramasubramanian and K.~Talwar},
  title =        {Reconstructing approximate tree metrics},
  booktitle =    {Proceedings of the 26th Annual ACM Symposium on Principles of Distributed Computing},
  year =         {2007},
  pages =        {43--52},
}

@INPROCEEDINGS{AM01,
  author =       {D. Achlioptas and F. McSherry},
  title =        {Fast Computation of Low Rank Matrix Approximations},
  booktitle =    {Proceedings of the 33rd Annual ACM Symposium on Theory of Computing},
  year =         {2001},
  pages =        {611--618},
}

@INPROCEEDINGS{AMS02,
  author =       {D. Achlioptas and F. McSherry and B. Sch\"{o}lkopf},
  title =        {Sampling Techniques for Kernel Methods},
  booktitle =    {Annual Advances in Neural Information Processing Systems 14: Proceedings of the 2001 Conference},
  year =         {2002},
  pages =        {335--342},
}

@INPROCEEDINGS{Ach01_PODS,
  author =       {D.~Achlioptas},
  title =        {Database-friendly random projections},
  booktitle =    {Proceedings of the 20th ACM Symposium on Principles of Database Systems},
  year =         {2001},
  pages =        {274--281},
}

@INPROCEEDINGS{Ach04,
  author =       {D.~Achlioptas},
  title =        {Random matrices in data analysis},
  booktitle =    {Proceedings of the 8th European Conference on Principles and Practice of Knowledge Discovery in Databases},
  year =         {2004},
  pages =        {1--7},
}

@inproceedings{AchlioptasM05,
  author    = {D.~Achlioptas and F.~McSherry},
  title     = {On Spectral Learning of Mixtures of Distributions},
  booktitle =    {Proceedings of the 18th Annual Conference on Learning Theory},
  year      = {2005},
  pages     = {458--469},
}

@INPROCEEDINGS{ASSMF10,
  author =       {B.~Aditya~Prakash and A.~Sridharan and M.~Seshadri and S.~Machiraju and C.~Faloutsos},
  title =        {{E}igen{S}pokes: surprising patterns and scalable community chipping in large graphs},
  booktitle =    {Proceedings of PA-KDD, LNCS, 6119},
  year =         {2010},
  pages =        {435--448},
}

@INPROCEEDINGS{Agarwal02,
  author =       {D.K.~Agarwal},
  title =        {Shrinkage estimator generalizations of Proximal Support Vector Machines},
  booktitle =    {Proceedings of the 8th Annual ACM SIGKDD Conference},
  year =         {2002},
  pages =        {173--182},
}

@INPROCEEDINGS{AC06,
  author =       {N.~Ailon and B.~Chazelle},
  title =        {Approximate nearest neighbors and the fast {J}ohnson-{L}indenstrauss transform},
  booktitle =    {Proceedings of the 38th Annual ACM Symposium on Theory of Computing},
  year =         {2006},
  pages =        {557--563},
}

@INPROCEEDINGS{AL08,
  author =       {N.~Ailon and E.~Liberty},
  title =        {Fast Dimension Reduction Using {R}ademacher Series on Dual {BCH} Codes},
  booktitle =    {Proceedings of the 19th Annual ACM-SIAM Symposium on Discrete Algorithms},
  year =         {2008},
  pages =        {1--9},
}

@INPROCEEDINGS{AL11,
  author =       {N.~Ailon and E.~Liberty},
  title =        {An Almost Optimal Unrestricted Fast {J}ohnson-{L}indenstrauss Transform},
  booktitle =    {Proceedings of the 22nd Annual ACM-SIAM Symposium on Discrete Algorithms},
  year =         {2011},
  pages =        {185--191},
}

@INPROCEEDINGS{AJKS02,
  author =       {M. Ajtai and T.S. Jayram and R. Kumar and D. Sivakumar},
  title =        {Approximate counting of inversions in a data stream},
  booktitle =    {Proceedings of the 34th Annual ACM Symposium on Theory of Computing},
  year =         {2002},
  pages =        {370--379},
}

@INPROCEEDINGS{ADKK02,
  author =       {N.~Alon and W.F.~de~la~Vega and R.~Kannan and M.~Karpinski},
  title =        {Random sampling and approximation of {MAX-CSP} problems},
  booktitle =    {Proceedings of the 34th Annual ACM Symposium on Theory of Computing},
  year =         {2002},
  pages =        {232--239},
}

@inproceedings{AN04,
  author =       {N.~Alon and A.~Naor},
  title =        {Approximating the cut-norm via {G}rothendieck's inequality},
  booktitle =    {Proceedings of the 36th Annual ACM Symposium on Theory of Computing},
  year =         {2004},
  pages=         {72-80},
}

@INPROCEEDINGS{AMS96,
  author =       {N. Alon and Y. Matias and M. Szegedy},
  title =        {The space complexity of approximating the frequency moments},
  booktitle =    {Proceedings of the 28th Annual ACM Symposium on Theory of Computing},
  year =         {1996},
  pages =        {20--29},
}

@INPROCEEDINGS{Alter_SVD_01,
  author =       {O.~Alter and P.O.~Brown and D.~Botstein},
  title =        {Processing and Modeling Genome-Wide Expression Data Using Singular Value Decomposition},
  booktitle =    {Microarrays: Optical Technologies and Informatics},
  year =         {2001},
  pages =        {171--181},
}

@INPROCEEDINGS{AHK06,
  author =       {S.~Arora and E.~Hazan and S.~Kale},
  title =        {A Fast Random Sampling Algorithm for Sparsifying Matrices},
  booktitle =    {Proceedings of the 10th International Workshop on Randomization and Computation},
  year =         {2006},
  pages =        {272--279},
}

@INPROCEEDINGS{AKK95,
  author =       {S.~Arora and D.~Karger and M.~Karpinski},
  title =        {Polynomial time approximation schemes for dense instances of {NP}-hard problems},
  booktitle =    {Proceedings of the 27th Annual ACM Symposium on Theory of Computing},
  year =         {1995},
  pages =        {284--293},
}

@INPROCEEDINGS{ALMSS92,
  author =       {S.~Arora and C.~Lund and R.~Motwani and M.~Sudan and M.~Szegedy},
  title =        {Proof Verification and the Hardness of Approximation Problems}, 
  booktitle =    {Proceedings of the 33rd Annual IEEE Symposium on Foundations of Computer Science},
  year =         {1992},
  pages =        {14--23},
}

@INPROCEEDINGS{ARR98,
  author =       {S.~Arora and P.~Raghavan and S.~Rao},
  title =        {Approximation schemes for {Euclidean} $k$-medians and related problems},
  booktitle =    {Proceedings of the 30th Annual ACM Symposium on Theory of Computing},
  year =         {1998},
  pages =        {106--113},
}

@INPROCEEDINGS{AviItzhak03,
  author =       {H.I.~Avi-Itzhak and X.~Su and F.M.~De~La~Vega},
  title =        {Selection of minimum subsets of single nucleotide polymorphisms to capture haplotype block diversity},
  booktitle =    {Proceedings of the Pacific Symposium on Biocomputing 2003},
  year =         {2003},
  pages =        {466--477},
}

@INPROCEEDINGS{kleinberg-barycentric,
  author =       {B.~Awerbuch and R.D.~Kleinberg},
  title =        {Adaptive routing with end-to-end feedback: {D}istributed learning and geometric approaches},
  booktitle =    {Proceedings of the 36th Annual ACM Symposium on Theory of Computing},
  year =         {2004},
  pages =        {45--53},
}

@INPROCEEDINGS{AFKMS01,
  author =       {Y. Azar and A. Fiat and A.R. Karlin and F. McSherry and J. Saia},
  title =        {Spectral analysis of data},
  booktitle =    {Proceedings of the 33rd Annual ACM Symposium on Theory of Computing},
  year =         {2001},
  pages =        {619--626},
}

@INPROCEEDINGS{coreset-ball,
  author =       {M.~B\"{a}doiu and K.L.~Clarkson},
  title =        {Smaller core-sets for balls},
  booktitle =    {Proceedings of the 14th Annual ACM-SIAM Symposium on Discrete Algorithms},
  year =         {2003},
  pages =        {801--802}, 
}

@INPROCEEDINGS{BBDMW02,
  author =       {B.~Babcock and S.~Babu and M.~Datar and R.~Motwani and J.~Widom},
  title =        {Models and issues in data stream systems},
  booktitle =    {Proceedings of the 21st ACM Symposium on Principles of Database Systems},
  year =         {2002},
  pages =        {1--16},
}

@INPROCEEDINGS{BJ05,
  author =       {F.R.~Bach and M.I.~Jordan},
  title =        {Predictive low-rank decomposition for kernel methods},
  booktitle =    {Proceedings of the 22nd International Conference on Machine Learning},
  year =         {2005},
  pages =        {33--40},
} 

@INPROCEEDINGS{Bad08,
  author =       {D.~A.~Bader},
  title =        {Petascale Computing for Large-Scale Graph Problems},
  booktitle =    {Proceedings of the 7th International Conference on Parallel Processing and Applied Mathematics (PPAM 2007)},
  year =         {2008},
  pages =        {166--169},
}

@INPROCEEDINGS{Bafna03,
  author =       {V.~Bafna and B.V.~Halldorsson and R.~Schwartz and A.G.~Clark and S.~Istrail},
  title =        {Haplotypes and informative {SNP} selection algorithms: don't block out information},
  booktitle =    {Proceedings of the 7th Annual International Conference on Research in Computational Molecular biology},
  year =         {2003},
  pages =        {19--27},
}

@inproceedings{BalcanBlum06,
 author = {M.-F.~Balcan and A.~Blum},
 title = {On a theory of learning with similarity functions},
 booktitle =    {Proceedings of the 23rd International Conference on Machine Learning},
 year = {2006},
 pages = {73--80},
}

@INPROCEEDINGS{BH06,
  author =       {P.~Barooah and J.~P.~Hespanha},
  title =        {Graph effective resistances and distributed control: Spectral properties and applications},
  booktitle =    {Proceedings of the 45th IEEE Conference on Decision and Control},
  year =         {2006},
  pages =        {3479--3485},
}

@INPROCEEDINGS{BSS09a_STOC,
  author =       {J.~Batson and D.A.~Spielman and N.~Srivastava},
  title =        {Twice-{R}amanujan Sparsifiers},
  booktitle =    {Proceedings of the 41st Annual ACM Symposium on Theory of Computing},
  year =         {2009},
  pages =        {000--000},
}

@INPROCEEDINGS{BW05,
  author =       {J.~Becla and D.~L.~Wang},
  title =        {Lessons Learned from Managing a Petabyte},
  booktitle =    {CIDR},
  year =         {2005},
  pages =        {70--83},
}

@INPROCEEDINGS{BCF10,
  author =       {C.~Bekas and A.~Curioni and I.~Fedulova},
  title =        {Low cost high performance uncertainty quantification},
  booktitle =    {Proceedings of the 2nd Workshop on High Performance Computational Finance},
  year =         {2009},
  pages =        {Article No.: 8},
}

@INPROCEEDINGS{BW07_WKSHP,
  author =       {M.-A.~Belabbas and P.J.~Wolfe},
  title =        {Fast Low-Rank Approximation for Covariance Matrices},
  booktitle =    {Second IEEE International Workshop on Computational Advances in Multi-Sensor Adaptive Processing},
  year =         {2007},
  pages =        {293--296},
}

@INPROCEEDINGS{BW08,
  author =       {M.-A.~Belabbas and P.~J.~Wolfe},
  title =        {On sparse representations of linear operators and the approximation of matrix products},
  booktitle =    {Proceedings of the 42nd Annual Conference on Information Sciences and Systems},
  year =         {2008},
  pages =        {258--263},
}

@INPROCEEDINGS{BPVDRO03,
  author =       {Y.~Bengio and J.F.~Paiement and P.~Vincent and O.~Delalleau and N.~Le~Roux and M.~Ouimet},
  title =        {Out-of-Sample Extensions for {LLE}, {I}somap, {MDS}, Eigenmaps, and Spectral Clustering},
  booktitle =    {Annual Advances in Neural Information Processing Systems 16: Proceedings of the 2003 Conference},
  year =         {2004},
  pages =        {177--184},
}

@INPROCEEDINGS{BEF05,
  author =       {P.~Berenbrink and F.~Ergun and T.~Friedetzky},
  title =        {Finding Frequent Patterns in a String in Sublinear Time},
  booktitle =    {Proceedings of the 13th Annual European Symposium on Algorithms (ESA)},
  year =         {2005},
  pages =        {000--000},
}

@INPROCEEDINGS{BK96_cuts,
   author =      {A.A.~Benczur and D.R.~Karger},
   title =       {Approximating $s$-$t$ minimum cuts in $\tilde{O}(n^2)$ time},
  booktitle =    {Proceedings of the 28th Annual ACM Symposium on Theory of Computing},
   year =        {1996},
   pages =       {47--55},
}


@INPROCEEDINGS{BiPa98,
  author =       {D.~Billsus and M.J.~Pazzani},
  title =        {Learning Collaborative Information Filters},
  booktitle =    {Proceedings of the 15th International Conference on Machine Learning},
  year =         {1998},
  pages =        {46--54},
}

@INPROCEEDINGS{BHI02,
  author =       {M. B\u{a}doiu and S. Har-Peled and P. Indyk},
  title =        {Approximate clustering via core sets},
  booktitle =    {Proceedings of the 34th Annual ACM Symposium on Theory of Computing},
  year =         {2002},
  pages =        {250--257},
}

@INPROCEEDINGS{BM01,
  author =       {E.~Bingham and H.~Mannila},
  title =        {Random projection in dimensionality reduction: applications to image and text data},
  booktitle =    {Proceedings of the 7th Annual ACM SIGKDD Conference},
  year =         {2001},
  pages =        {245--250},
}

@INPROCEEDINGS{Blu06,
  author =       {A.~Blum},
  title =        {Random Projection, Margins, Kernels, and Feature-Selection},
  booktitle =    {Subspace, Latent Structure and Feature Selection, Statistical and Optimization, Perspectives Workshop, SLSFS},
  year =         {2006},
  pages =        {52--68},
}

@INPROCEEDINGS{Bop87,
  author =       {R.B. Boppana},
  title =        {Eigenvalues and graph bisection: An average-case analysis},
  booktitle =    {Proceedings of the 28th Annual IEEE Symposium on Foundations of Computer Science},
  year =         {1987},
  pages =        {280--285},
}

@INPROCEEDINGS{BK05-CONF,
  author =       {K.~M.~Borgwardt and H.-P.~Kriegel},
  title =        {Shortest-Path Kernels on Graphs},
  booktitle =    {Proceedings of the Fifth IEEE International Conference on Data Mining}, 
  year =         {2005}, 
  pages =        {74--81},
}

@INPROCEEDINGS{BMD08_CSSP_KDD,
  author =       {C.~Boutsidis and M.W.~Mahoney and P.~Drineas},
  title =        {Unsupervised Feature Selection for Principal Components Analysis},
  booktitle =    {Proceedings of the 14th Annual ACM SIGKDD Conference},
  year =         {2008},
  pages =        {61--69},
}

@INPROCEEDINGS{BMD09_CSSP_SODA,
  author =       {C.~Boutsidis and M.W.~Mahoney and P.~Drineas},
  title =        {An Improved Approximation Algorithm for the Column Subset Selection Problem},
  booktitle =    {Proceedings of the 20th Annual ACM-SIAM Symposium on Discrete Algorithms},
  year =         {2009},
  pages =        {968--977},
}

@INPROCEEDINGS{BMD09_kmeans_NIPS,
  author =       {C.~Boutsidis and M.W.~Mahoney and P.~Drineas},
  title =        {Unsupervised Feature Selection for the $k$-means Clustering Problem},
  booktitle =    {Annual Advances in Neural Information Processing Systems 22: Proceedings of the 2009 Conference},
  year =         {2009},
  pages =        {},
}

@INPROCEEDINGS{Bra08,
  author =       {R.B.~Bradford},
  title =        {An empirical study of required dimensionality for large-scale latent semantic indexing applications},
  booktitle =    {Proceedings of the 17th International Conference on Information and Knowledge Management},
  year =         {2008},
  pages =        {153--162},
}

@INPROCEEDINGS{BHK98,
  author =       {J.~Breese and D.~Heckerman and C.~Kadie},
  title =        {Empirical analysis of predictive algorithms for collaborative filtering},
  booktitle =    {Proceedings of the 14th Annual Conference on Uncertainty in Artificial Intelligence},
  year =         {1998},
  pages =        {43--52},
}

@INPROCEEDINGS{BP98,
  author =       {S. Brin and L. Page},
  title =        {The Anatomy of a Large-Scale Hypertextual Web Search Engine},
  booktitle =    {Proceedings of the 7th International Conference on World Wide Web},
  year =         {1998},
  pages =        {107--117},
}

@INPROCEEDINGS{BCFM98,
  author =       {A.Z. Broder and M. Charikar and A. Frieze and M. Mitzenmacher},
  title =        {Min-wise independent permutations},
  booktitle =    {Proceedings of the 30th Annual ACM Symposium on Theory of Computing},
  year =         {1998},
  pages =        {327--336},
}

@INPROCEEDINGS{Bur96,
  author =       {C.~J.~C.~Burges},
  title =        {Simplified Support Vector Decision Rules},
  booktitle =    {Proceedings of the 13th International Conference on Machine Learning},
  year =         {1996},
  pages =        {71--77},
}

@INPROCEEDINGS{CZBFB04,
  author =       {D.~Chakrabarti and Y.~Zhan and D.~Blandford and C.~Faloutsos and G.~Blelloch},
  title =        {{N}et{M}ine: new mining tools for large graphs},
  booktitle =    {SDM Workshop on Link Analysis, Counter-terrorism and Privacy}, 
  year =         {2004},
  pages =        {},
}

@INPROCEEDINGS{CSPW09_CONF,
  author =       {V.~Chandrasekaran and S.~Sanghavi and P.~A.~Parrilo and A.~S.~Willsky},
  title =        {Sparse and low-rank matrix decompositions},
  booktitle =    {2009},
  year =         {47th Annual Allerton Conference on Communication, Control, and Computing},
  pages =        {962--967},
}

@INPROCEEDINGS{CZWBLQC08,
  author =       {E.~Y.~Chang and K.~Zhu and H.~Wang and H.~Bai and J.~Li and Z.~Qiu and H.~Cui},
  title =        {{PSVM}: Parallelizing Support Vector Machines on Distributed Computers},
  booktitle =    {Annual Advances in Neural Information Processing Systems 20: Proceedings of the 2007 Conference},
  year =         {2008},
  pages =        {000--000},
}

@INPROCEEDINGS{CK06,
  author =       {K.L.~Chang and R.~Kannan},
  title =        {The space complexity of pass-efficient algorithms for clustering},
  booktitle =    {Proceedings of the 17th Annual ACM-SIAM Symposium on Discrete Algorithms},
  year =         {2006},
  pages =        {1157--1166},
}

@INPROCEEDINGS{CG99,
  author =       {M.~Charikar and S.~Guha},
  title =        {Improved combinatorial algorithms for the facility location and $k$-median problems},
  booktitle =    {Proceedings of the 40th Annual IEEE Symposium on Foundations of Computer Science},
  year =         {1999},
  pages =        {378--388},
}

@INPROCEEDINGS{CGST99,
  author =       {M.~Charikar and S.~Guha and E.~Tardos and D.B.~Shmoys},
  title =        {A constant factor approximation algorithm for the $k$-median problem},
  booktitle =    {Proceedings of the 31st Annual ACM Symposium on Theory of Computing},
  year =         {1999},
  pages =        {1--10},
}

@INPROCEEDINGS{CGKRS00,
  author =       {M.~Charikar and V.~Guruswami and R.~Kumar and S.~Rajagopalan and A.~Sahai},
  title =        {Combinatorial Feature Selection Problems},
  booktitle =    {Proceedings of the 41st Annual IEEE Symposium on Foundations of Computer Science},
  year =         {2000},
  pages =        {631--642},
}

@inproceedings{CHRZ07,
 author = {K.~Chaudhuri and E.~Halperin and S.~Rao and S.~Zhou},
 title = {A rigorous analysis of population stratification with limited data},
 booktitle =    {Proceedings of the 18th Annual ACM-SIAM Symposium on Discrete Algorithms},
 year = {2007},
 pages = {1046--1055},
}

@inproceedings{CR08a,
  author    = {K.~Chaudhuri and S.~Rao},
  title     = {Learning Mixtures of Product Distributions Using Correlations and Independence},
  booktitle =    {Proceedings of the 21st Annual Conference on Learning Theory},
  year      = {2008},
  pages     = {9--20},
}

@inproceedings{CR08b,
  author    = {K.~Chaudhuri and S.~Rao},
  title     = {Beyond {G}aussians: Spectral Methods for Learning Mixtures of Heavy-Tailed Distributions},
  booktitle =    {Proceedings of the 21st Annual Conference on Learning Theory},
  year      = {2008},
  pages     = {21--32},
}

@INPROCEEDINGS{CLM03,
  author =       {B.~Chazelle and D.~Liu and A.~Magen},
  title =        {Sublinear Geometric Algorithms},
  booktitle =    {Proceedings of the 35th Annual ACM Symposium on Theory of Computing},
  year =         {2003},
  pages =        {531--540},
}

@INPROCEEDINGS{CLT01,
  author =       {B.~Chazelle and R.~Rubinfeld and L.~Trevisan},
  title =        {Approximating the Minimum Spanning Tree Weight in Sublinear Time},
  booktitle =    {Proceedings of the 28th International Colloquium on Automata, Languages and Programming (ICALP)},
  year =         {2001},
  pages =        {190--200},
}

@INPROCEEDINGS{CDEHV08,
  author =       {V.~Chepoi and F.~Dragan and B.~Estellon and M.~Habib and Y.~Vax\`{e}s},
  title =        {Diameters, centers, and approximating trees of $delta$-hyperbolic geodesic spaces and graphs},
  booktitle =    {Proceedings of the 24th Annual Symposium on Computational Geometry},
  year =         {2008},
  pages =        {59--68},
}

@INPROCEEDINGS{MR-multicore06,
  author =       {C.-T.~Chu and S.~K.~Kim and Y.-A.~Lin and Y.~Y.~Yu and G.~Bradski and A.~Y.~Ng and K.~Olukotun},
  title =        {{Map-Reduce} for Machine Learning on Multicore},
  booktitle =    {Annual Advances in Neural Information Processing Systems 19: Proceedings of the 2006 Conference},
  year =         {2007},
  pages =        {000--000},
}

@INPROCEEDINGS{Cla05,
  author =       {K.~Clarkson},
  title =        {Subgradient and Sampling Algorithms for $\ell_1$ Regression},
  booktitle =    {Proceedings of the 16th Annual ACM-SIAM Symposium on Discrete Algorithms},
  year =         {2005},
  pages =        {},
}

@INPROCEEDINGS{Cla08,
  author =       {K.~Clarkson},
  title =        {Tighter bounds for random projections of manifolds},
  booktitle =    {Proceedings of the 24th Annual Symposium on Computational Geometry},
  year =         {2008},
  pages =        {39--48},
}

@INPROCEEDINGS{CW09,
  author =       {K.L.~Clarkson and D.P.~Woodruff},
  title =        {Numerical Linear Algebra in the Streaming Model},
  booktitle =    {Proceedings of the 41st Annual ACM Symposium on Theory of Computing},
  year =         {2009},
  pages =        {205--214},
}

@INPROCEEDINGS{CSS98,
  author =       {W.W.~Cohen and R.E.~Schapire and Y.~Singer},
  title =        {Learning to order things},
  booktitle =    {Annual Advances in Neural Information Processing Systems 10: Proceedings of the 1997 Conference},
  year =         {1998},
  pages =        {451--457},
}

@INPROCEEDINGS{Coifman89,
  author =       {R.R.~Coifman},
  title =        {Multiresolution Analysis in Non-Homogeneous Media},
  booktitle =    {Wavelets. Time-Frequency Methods and Phase Space},
  year =         {1989},
  editor =       {{Combes}, J.-M. and {Grossmann}, A. and {Tchamitchian}, P.},
  pages =        {259-+},
}

@INPROCEEDINGS{CS04a,
  author =       {A.~Czumaj and C.~Sohler},
  title =        {Estimating the Weight of Metric Minimum Spanning Trees in Sublinear-time},
  booktitle =    {Proceedings of the 36th Annual ACM Symposium on Theory of Computing},
  year =         {2004},
  pages =        {175--183},
}

@INPROCEEDINGS{CS04b,
  author =       {A.~Czumaj and C.~Sohler},
  title =        {Sublinear-Time Approximation for Clustering via Random Sampling},
  booktitle =    {Proceedings of the 31st International Colloquium on Automata, Languages and Programming (ICALP)},
  year =         {2004},
  pages =        {396--407},
}

@INPROCEEDINGS{CEFMNRS03,
  author =       {A.~Czumaj and F.~Ergun and L.~Fortnow and A.~Magen and I.~Newman and R.~Rubinfeld andand  C.~Sohler},
  title =        {Sublinear-time Approximation of Euclidean Minimum Spanning Tree},
  booktitle =    {Proceedings of the 14th Annual ACM-SIAM Symposium on Discrete Algorithms},
  year =         {2003},
  pages =        {813--822},
}

@INPROCEEDINGS{DHM04,
  author =       {A.~Dasgupta and J.~E.~Hopcroft and F.~McSherry},
  title =        {Spectral Analysis of Random Graphs with Skewed Degree Distributions},
  booktitle =    {Proceedings of the 45th Annual IEEE Symposium on Foundations of Computer Science},
  year =         {2004},
  pages =        {602--610},
}

@INPROCEEDINGS{DDHJM07,
  author =       {A.~Dasgupta and P.~Drineas and B.~Harb and V.~Josifovski and M.~W.~Mahoney},
  title =        {Feature Selection Methods for Text Classification},
  booktitle =    {Proceedings of the 13th Annual ACM SIGKDD Conference},
  year =         {2007},
  pages =        {230--239},
}

@INPROCEEDINGS{DKT10,
  author =       {A.~Dasgupta and R.~Kumar and T.~Sarl\'{o}s},
  title =        {A sparse {J}ohnson-{L}indenstrauss transform},
  booktitle =    {Proceedings of the 42nd Annual ACM Symposium on Theory of Computing},
  year =         {2010},
  pages =        {341-350},
}

@inproceedings{Dasgupta99,
 author = {S.~Dasgupta},
 title = {Learning Mixtures of Gaussians},
 booktitle =    {Proceedings of the 40th Annual IEEE Symposium on the Foundations of Computer Science},
 year = {1999},
 pages = {634--644},
}

@INPROCEEDINGS{Das00,
  author =       {S.~Dasgupta},
  title =        {Experiments with Random Projection},
  booktitle =    {Proceedings of the 16th Annual Conference on Uncertainty in Artificial Intelligence},
  year =         {2000},
  pages =        {143--151},
}

@INPROCEEDINGS{DF08,
  author =       {S.~Dasgupta and Y.~Freund},
  title =        {Random projection trees and low dimensional manifolds},
  booktitle =    {Proceedings of the 40th Annual ACM Symposium on Theory of Computing},
  year =         {2008},
  pages =        {537--546},
}

@INPROCEEDINGS{DGM04,
  author =       {D.~Davidov and E.~Gabrilovich and S.~Markovitch},
  title =        {Parameterized generation of labeled datasets for text categorization based on a hierarchical directory},
  booktitle =    {Proceedings of the 27th Annual International ACM SIGIR Conference},
  year =         {2004},
  pages =        {250--257},
}

@INPROCEEDINGS{DT03,
  author =       {V.~de~Silva and J.B.~Tenenbaum}, 
  title =        {Global versus local methods in nonlinear dimensionality reduction},
  booktitle =    {Annual Advances in Neural Information Processing Systems 15: Proceedings of the 2002 Conference},
  year =         {2003},
  pages =        {721--728},
}

@INPROCEEDINGS{DG04,
  author =       {J.~Dean and S.~Ghemawat},
  title =        {{MapReduce}: Simplified Data Processing on Large Clusters},
  booktitle =    {Proceedings of the 6th conference on Symposium on Opearting Systems Design and Implementation},
  year =         {2004},
  pages =        {10--10},
}

@INPROCEEDINGS{DeC06,
  author =       {D.~DeCoste},
  title =        {Collaborative prediction using ensembles of Maximum Margin Matrix Factorizations},
  booktitle =    {Proceedings of the 23rd international conference on Machine learning},
  year =         {2006},
  pages =        {249--256},
}

@INPROCEEDINGS{DB06,
  author =       {S.~Deegalla and H.~Bostrom},
  title =        {Reducing High-Dimensional Data by Principal Component Analysis vs. Random Projection for Nearest Neighbor Classification},
  booktitle =    {Proceedings of the 5th International Conference on Machine Learning and Applications},
  year =         {2006},
  pages =        {245--250},
}

@INPROCEEDINGS{DerLee,
  author =       {R.~Der and D.~Lee},
  title =        {Large-Margin Classification in {B}anach Spaces},
  booktitle =    {Proc. of International Conference on AI and Statistics (AISTAT)},
  year =         {2007}, 
  pages =        {91--98},
}

@INPROCEEDINGS{DRVW06,
  author =       {A.~Deshpande and L.~Rademacher and S.~Vempala and G.~Wang},
  title =        {Matrix Approximation and Projective Clustering via Volume Sampling},
  booktitle =    {Proceedings of the 17th Annual ACM-SIAM Symposium on Discrete Algorithms},
  year =         {2006},
  pages =        {1117--1126},
}

@INPROCEEDINGS{DV06,
  author =       {A.~Deshpande and S.~Vempala},
  title =        {Adaptive sampling and fast low-rank matrix approximation},
  booktitle =    {Proceedings of the 10th International Workshop on Randomization and Computation},
  year =         {2006},
  pages =        {292--303},
}

@INPROCEEDINGS{DeBakker06,
  author =       {P.I.W.~De~Bakker and R.R.~Graham and D.~Altshuler and B.E.~Henderson and C.A.~Haiman},
  title =        {Transferability of Tag {SNP}s to Capture Common Genetic Variation in {DNA} Repair Genes Across Multiple Populations},
  booktitle =    {Proceedings of the Pacific Symposium on Biocomputing 2006},
  year =         {2006},
  pages =        {000--000},
}

@INPROCEEDINGS{DKKV05,
  author =       {W.F.~de~la~Vega and R.~Kannan and M.~Karpinski and S.~Vempala},
  title =        {Tensor Decomposition and Approximation Schemes for Constraint Satisfaction Problems},
  booktitle =    {Proceedings of the 37st Annual ACM Symposium on Theory of Computing},
  year =         {2005},
  pages =        {747--754},
}

@INPROCEEDINGS{Die00,
  author =       {T.~G.~Dietterich},
  title =        {Ensemble Methods in Machine Learning},
  booktitle =    {Proceedings of the First International Workshop on Multiple Classifier Systems},
  year =         {2000},
  pages =        {1--15},
}

@INPROCEEDINGS{DFKVV99,
  author =       {P. Drineas and A. Frieze and R. Kannan and S. Vempala and V. Vinay},
  title =        {Clustering in large graphs and matrices},
  booktitle =    {Proceedings of the 10th Annual ACM-SIAM Symposium on Discrete Algorithms},
  year =         {1999},
  pages =        {291--299},
}

@INPROCEEDINGS{DDH00,
  author =       {P.~Drineas and E.~Drinea and P.~Huggins},
  title =        {An experimental evaluation of a {Monte-Carlo} algorithm for singular value decomposition},
  booktitle =    {Proceedings of 8th Panhellenic Conference on Informatics},
  year =         {2003},
  pages =        {279--296},
}

@INPROCEEDINGS{DK01,
  author =       {P. Drineas and R. Kannan},
  title =        {Fast {Monte-Carlo} algorithms for approximate matrix multiplication},
  booktitle =    {Proceedings of the 42nd Annual IEEE Symposium on Foundations of Computer Science},
  year =         {2001},
  pages =        {452--459},
}

@INPROCEEDINGS{DK03,
  author =       {P. Drineas and R. Kannan},
  title =        {Pass efficient algorithms for approximating large matrices},
  booktitle =    {Proceedings of the 14th Annual ACM-SIAM Symposium on Discrete Algorithms},
  year =         {2003},
  pages =        {223--232},
}

@INPROCEEDINGS{DKR02,
  author =       {P. Drineas and I. Kerenidis and P. Raghavan},
  title =        {Competitive Recommendation Systems},
  booktitle =    {Proceedings of the 34th Annual ACM Symposium on Theory of Computing},
  year =         {2002},
  pages =        {82-90},
}

@INPROCEEDINGS{dkm_maxcut_CONF,
  author =       {P.~Drineas and R.~Kannan and M.W.~Mahoney},
  title =        {Sampling Sub-problems of Heterogeneous {Max-Cut} Problems and Approximation Algorithms},
  booktitle =    {Proceedings of the 22nd Annual International Symposium on Theoretical Aspects of Computer Science},
  year =         {2005},
  pages =        {57--68},
}

@INPROCEEDINGS{dm_kernel_CONF,
  author =       {P.~Drineas and M.W.~Mahoney},
  title =        {Approximating a {G}ram Matrix for Improved Kernel-Based Learning},
  booktitle =    {Proceedings of the 18th Annual Conference on Learning Theory},
  year =         {2005},
  pages =        {323--337},
}

@INPROCEEDINGS{DMM06,
  author =       {P.~Drineas and M.W.~Mahoney and S.~Muthukrishnan},
  title =        {Sampling Algorithms for $\ell_2$ Regression and Applications}, 
  booktitle =    {Proceedings of the 17th Annual ACM-SIAM Symposium on Discrete Algorithms},
  year =         {2006},
  pages =        {1127--1136},
}

@INPROCEEDINGS{DMM06b,
  author =       {P.~Drineas and M.W.~Mahoney and S.~Muthukrishnan},
  title =        {Subspace Sampling and Relative-Error Matrix Approximation: Column-Based Methods},
  booktitle =    {Proceedings of the 10th International Workshop on Randomization and Computation},
  year =         {2006},
  pages =        {316--326},
}

@INPROCEEDINGS{DMM06c,
  author =       {P.~Drineas and M.W.~Mahoney and S.~Muthukrishnan},
  title =        {Subspace Sampling and Relative-Error Matrix Approximation: Column-Row-Based Methods},
  booktitle =    {Proceedings of the 14th Annual European Symposium on Algorithms},
  year =         {2006},
  pages =        {304--314},
}

@INPROCEEDINGS{DFLD88,
  author =       {S.T.~Dumais and G.W.~Furnas and T.K.~Landauer and S.T.~Deerwester},
  title =        {Using latent semantic analysis to improve information retrieval},
  booktitle =    {Proceedings of CHI'88: Conference on Human Factors in Computing, New York: ACM},
  year =         {1988},
  pages =        {281--285},
}

@INPROCEEDINGS{ELZ00,
  author =       {H.~Edelsbrunner and D.~Letscher and A.~Zomorodian},
  title =        {Topological persistence and simplification},
  booktitle =    {Proceedings of the 41th Annual IEEE Symposium on Foundations of Computer Science},
  year =         {2000},
  pages =        {000--000},
}

@INPROCEEDINGS{EMS04,
  author =       {F.~Ergun and S.~Muthukrishnan and S.~Cenk~Sahinalp},
  title =        {Sublinear Methods for Detecting Periodic Trends in Data Streams},
  booktitle =    {Proceedings of the 6th Latin American Symposium on Theoretical Informatics (LATIN'04)},
  year =         {2004},
  pages =        {16--28},
}

@INPROCEEDINGS{FHB01,
  author =       {M.~Fazel and H.~Hindi and S.~Boyd},
  title =        {A Rank Minimization Heuristic with Application to Minimum Order System Approximation},
  booktitle =    {Proceedings American Control Conference}, 
  year =         {2001},
  pages =        {6:4734--4739},
}

@INPROCEEDINGS{FKSV99,
  author =       {J. Feigenbaum and S. Kannan and M. Strauss and M. Viswanathan},
  title =        {An Approximate {$L^1$}-difference algorithm for massive data sets},
  booktitle =    {Proceedings of the 40th Annual IEEE Symposium on the Foundations of Computer Science},
  year =         {1999},
  pages =        {501--511},
}

@INPROCEEDINGS{FFS06,
  author =       {D.~Feldman and A.~Fiat and M.~Sharir},
  title =        {Coresets for weighted facilities and their applications},
  booktitle =    {Proceedings of the 47th Annual IEEE Symposium on Foundations of Computer Science},
  year =         {2006},
  pages =        {315--324},
}

@INPROCEEDINGS{FB03,
  author =       {X.~Z.~Fern and C.~E.~Brodley}, 
  title =        {Random projection for high dimensional data clustering: a cluster ensemble approach}, 
  booktitle =    {Proceedings of the 20th International Conference on Machine Learning},
  year =         {2003},
  pages =        {186--193},
}

@INPROCEEDINGS{FM83,
  author =       {P. Flajolet and G.N. Martin},
  title =        {Probabilistic counting},
  booktitle =    {Proceedings of the 24th Annual IEEE Symposium on Foundations of Computer Science},
  year =         {1983},
  pages =        {76--82},
}

@INPROCEEDINGS{FK96,
  author =       {A.~Frieze and R.~Kannan},
  title =        {The Regularity Lemma and approximation schemes for dense problems},
  booktitle =    {Proceedings of the 37th Annual IEEE Symposium on Foundations of Computer Science},
  year =         {1996},
  pages =        {12--20},
}

@INPROCEEDINGS{FKV98,
  author =       {A. Frieze and R. Kannan and S. Vempala},
  title =        {Fast {Monte-Carlo} algorithms for finding low-rank approximations},
  booktitle =    {Proceedings of the 39th Annual IEEE Symposium on Foundations of Computer Science},
  year =         {1998},
  pages =        {370--378},
}

@INPROCEEDINGS{FM03,
  author =       {D.~Fradkin and D.~Madigan},
  title =        {Experiments with random projections for machine learning},
  booktitle =    {Proceedings of the 9th Annual ACM SIGKDD Conference},
  year =         {2003},
  pages =        {517--522},
}

@INPROCEEDINGS{FML02,
  author =       {D.~Fragoudis and D.~Meretakis and S.~Likothanassis},
  title =        {Integrating feature and instance selection for text classification},
  booktitle =    {Proceedings of the 8th Annual ACM SIGKDD Conference},
  year =         {2002},
  pages =        {501--506},
}

@INPROCEEDINGS{FS96,
  author =       {Y.~Freund and R.E.~Schapire},
  title =        {Game theory, on-line prediction and boosting},
  booktitle =    {Proceedings of the 9th Annual Conference on Learning Theory},
  year =         {1996},
  pages =        {325--332},
}

@INPROCEEDINGS{FM01,
  author =       {G.~Fung and O.L.~Mangasarian},
  title =        {Proximal support vector machine classifiers},
  booktitle =    {Proceedings of the 7th Annual ACM SIGKDD Conference},
  year =         {2001},
  pages =        {77--86},
}

@INPROCEEDINGS{GM04,
  author =       {E.~Gabrilovich and S.~Markovitch},
  title =        {Text categorization with many redundant features: using aggressive feature selection to make {SVM}s competitive with {C4.5}},
  booktitle =    {Proceedings of the 21th International Conference on Machine Learning},
  year =         {2004},
  pages =        {41--48},
}

@INPROCEEDINGS{GFW03,
  author =       {T.~G{\"a}rtner and P.~A.~Flach and S.~Wrobel},
  title =        {On Graph Kernels: Hardness Results and Efficient Alternatives},
  booktitle =    {Proceedings of the 16th Annual Conference on Learning Theory},
  year =         {2003},
  pages =        {129--143},
}

@INPROCEEDINGS{Gib01,
  author =       {P.~Gibbons},
  title =        {Distinct Sampling for Highly-Accurate Answers to Distinct Values Queries and Event Reports},
  booktitle =    {Proceedings of 27th International Conference on Very Large Data Bases},
  year =         {2001},
  pages =        {541--550},
}

@INPROCEEDINGS{GGIKMS02,
  author =       {A.C. Gilbert and S. Guha and P. Indyk and Y. Kotidis and S. Muthukrishnan and M. Strauss},
  title =        {Fast, small-space algorithms for approximate histogram maintenance},
  booktitle =    {Proceedings of the 34th Annual ACM Symposium on Theory of Computing},
  year =         {2002},
  pages =        {389--398},
}

@INPROCEEDINGS{GGIMS02,
  author =       {A.C. Gilbert and S. Guha and P. Indyk and S. Muthukrishnan and M. Strauss},
  title =        {Near-optimal sparse {Fourier} representations via sampling},
  booktitle =    {Proceedings of the 34th Annual ACM Symposium on Theory of Computing},
  year =         {2002},
  pages =        {152--161},
}

@INPROCEEDINGS{GDX08,
  author =       {L.~Grigori and J.~W.~Demmel and H.~Xiang},
  title =        {Communication avoiding {G}aussian elimination},
  booktitle =    {Proceedings of the 2008 ACM/IEEE conference on Supercomputing},
  year =         {2008},
  pages =        {29},
}

@INPROCEEDINGS{GIM99,
  author =       {A. Gionis and P. Indyk and R. Motwani},
  title =        {Similarity search in high dimensions via hashing},
  booktitle =    {Proceedings of 25th International Conference on Very Large Data Bases},
  year =         {1999},
  pages =        {518--529},
}

@INPROCEEDINGS{GW94,
  author =       {M. X. Goemans and D. P. Williamson},
  title =        {.878-Approximation Algorithms for {MAX CUT} and {MAX 2SAT}},
  booktitle =    {Proceedings of the 26th Annual ACM Symposium on Theory of Computing},
  year =         {1994},
  pages =        {422--431}, 
}

@INPROCEEDINGS{GGR96,
  author =       {O. Goldreich and S. Goldwasser and D. Ron},
  title =        {Property testing and its connection to learning and approximation},
  booktitle =    {Proceedings of the 37th Annual IEEE Symposium on Foundations of Computer Science},
  year =         {1996},
  pages =        {339--348},
}

@INPROCEEDINGS{GRV09,
  author =       {N.~Goyal and L.~Rademacher and S.~Vempala},
  title =        {Expanders via random spanning trees},
  booktitle =    {Proceedings of the 20th Annual ACM-SIAM Symposium on Discrete Algorithms},
  year =         {2009},
  pages =        {576--585},
}

@INPROCEEDINGS{GGLT04,
  author =       {D.~Gruhl and R.~Guha and D.~Liben-Nowell and A.~Tomkins},
  title =        {Information diffusion through blogspace},
  booktitle =    {WWW '04: Proceedings of the 13th International Conference on World Wide Web},
  year =         {2004},
  pages =        {491--501},
}

@INPROCEEDINGS{GKS01,
  author =       {S. Guha and N. Koudas and K. Shim},
  title =        {Data streams and histograms},
  booktitle =    {Proceedings of the 33rd Annual ACM Symposium on Theory of Computing},
  year =         {2001},
  pages =        {471--475},
}

@INPROCEEDINGS{Gurvits,
  author =       {L.~Gurvits},
  title =        {A Note on a Scale-Sensitive Dimension of Linear Bounded Functionals in {B}anach Spaces},
  booktitle =    {Proceedings of the 8th International Conference on Algorithmic Learning Theory},
  year =         {1997},
  pages =        {352--363},
}

@INPROCEEDINGS{HLMS04,
  author =       {J.~Ham and D.D.~Lee and S.~Mika and B.~Sch\"{o}lkopf},
  title =        {A kernel view of the dimensionality reduction of manifolds},
  booktitle =    {Proceedings of the 21st International Conference on Machine Learning},
  year =         {2004},
  pages =        {000--000},  
}

@inproceedings{Hastad97,
  author =       {J.~H{\aa}stad},
  title =        {Some Optimal Inapproximability Results},
  booktitle =    {Proceedings of the 29th Annual ACM Symposium on Theory of Computing},
  year =         {1997},
  pages =        {1-10},
}

@INPROCEEDINGS{coreset-kmeans,
  author =       {S.~Har-Peled and S.~Mazumdar},
  title =        {On coresets for k-means and k-median clustering},
  booktitle =    {Proceedings of the 36th Annual ACM Symposium on Theory of Computing},
  year =         {2004},
  pages =        {291--300},
}

@INPROCEEDINGS{HWB08,
  author =       {C.~Hegde and M.~Wakin and R.~Baraniuk}, 
  title =        {Random projections for manifold learning},
  booktitle =    {Annual Advances in Neural Information Processing Systems 20: Proceedings of the 2007 Conference},
  year =         {2008},
  pages =        {000--000},
}

@INPROCEEDINGS{HP06,
  author =       {B.~Hendrickson and A.~Pothen},
  title =        {{C}ombinatorial {S}cientific {C}omputing: The Enabling Power of Discrete Algorithms in Computational Science},
  booktitle =    {Proceedings of the 7th international conference on High performance computing for computational science},
  year =         {2007},
  pages =        {260--280},
}

@INPROCEEDINGS{HL09,
  author =       {M.~Herbster and G.~Lever},
  title =        {Predicting the Labelling of a Graph via Minimum $p$-Seminorm Interpolation},
  booktitle =    {Proceedings of the 22nd Annual Conference on Learning Theory},
  year =         {2009},
  pages =        {000--000},
}

@INPROCEEDINGS{HKR00,
  author =       {J.L.~Herlocker and J.A.~Konstan and J.~Riedl},
  title =        {Explaining collaborative filtering recommendations},
  booktitle =    {Proceedings of the 2000 ACM conference on Computer supported cooperative work},
  year =         {2000},
  pages =        {241--250},
}

@INPROCEEDINGS{HKR00,
  author =       {J.L.~Herlocker and J.A.~Konstan and J.~Riedl},
  title =        {Explaining collaborative filtering recommendations},
  booktitle =    {Proceedings of the 2000 ACM conference on Computer supported cooperative work},
  year =         {2000},
  pages =        {241--250},
}

@INPROCEEDINGS{MGI08,
  author =       {M.P.~Holmes and A.G.~Gray and C.L.~Isbell,~Jr.},
  title =        {Ultrafast Monte Carlo for Kernel Estimators and Generalized Statistical Summations},
  booktitle =    {Annual Advances in Neural Information Processing Systems 20: Proceedings of the 2007 Conference},
  year =         {2008},
  pages =        {000--000},
}

@INPROCEEDINGS{HP99,
  author =       {T.~Hofmann and J.~Puzicha},
  title =        {Latent Class Models for Collaborative Filtering},
  booktitle =    {Proceedings of the 16th International Joint Conference on Artificial Intelligence},
  year =         {1999},
  pages =        {688--693},
}

@INPROCEEDINGS{IM98,
  author =       {P.~Indyk and R.~Motwani},
  title =        {Approximate nearest neighbors: towards removing the curse of dimensionality},
  booktitle =    {Proceedings of the 30th Annual ACM Symposium on Theory of Computing},
  year =         {1998},
  pages =        {604--613},
}

@INPROCEEDINGS{Ind00,
  author =       {P.~Indyk},
  title =        {Stable distributions, pseudorandom generators, embeddings and data stream computation},
  booktitle =    {Proceedings of the 41st Annual IEEE Symposium on Foundations of Computer Science},
  year =         {2000},
  pages =        {189--197},
}

@INPROCEEDINGS{Ind01,
  author =       {P.~Indyk},
  title =        {Algorithmic Applications of Low-Distortion Geometric Embeddings},
  booktitle =    {Proceedings of the 42nd Annual IEEE Symposium on Foundations of Computer Science},
  year =         {2001},
  pages =        {10--33},
}

@INPROCEEDINGS{JV99,
  author =       {K. Jain and V.V. Vazirani},
  title =        {Primal-dual approximation algorithms for metric facility location and $k$-median problems},
  booktitle =    {Proceedings of the 40th Annual IEEE Symposium on Foundations of Computer Science},
  year =         {1999},
  pages =        {2--13},
}

@INPROCEEDINGS{JW03,
  author =       {G.~Jeh and J.~Widom},
  title =        {Scaling personalized web search},
  booktitle =    {WWW '03: Proceedings of the 12th International Conference on World Wide Web},
  year =         {2003},
  pages =        {271--279},
}

@INPROCEEDINGS{JSZ03,
  author =       {R.~Jin and L.~Si and C.X.~Zhai},
  title =        {Preference-based Graphic Models for Collaborative Filtering},
  booktitle =    {Proceedings of the 19th Conference in Uncertainty in Artificial Intelligence},
  year =         {2003},
  pages =        {329--336},
}

@INPROCEEDINGS{JSZC03,
  author =       {R.~Jin and L.~Si and C.X.~Zhai and J.~Callan},
  title =        {Collaborative filtering with decoupled models for preferences and ratings},
  booktitle =    {Proceedings of the 12th International Conference on Information and Knowledge Management},
  year =         {2003},
  pages =        {309--316},
}

@INPROCEEDINGS{Joa98,
  author =       {T.~Joachims},
  title =        {Text Categorization with Suport Vector Machines: Learning with Many Relevant Features},
  booktitle =    {Proceedings of the 10th European Conference on Machine Learning},
  year =         {1998},
  pages =        {137--142},
}

@INPROCEEDINGS{Joa03,
  author =       {T.~Joachims},
  title =        {Transductive learning via spectral graph partitioning},
  booktitle =    {Proceedings of the 20th International Conference on Machine Learning},
  year =         {2003},
  pages =        {290--297},
}

@INPROCEEDINGS{JN09,
  author =       {W.B.~Johnson and A.~Naor},
  title =        {The Johnson-Lindenstrauss lemma almost characterizes Hilbert space, but not quite},
  booktitle =    {Proceedings of the 20th Annual ACM-SIAM Symposium on Discrete Algorithms},
  year =         {2009},
  pages =        {885--891},
}

@INPROCEEDINGS{JLHB07,
  author =       {E.~A.~Jonckheere and M.~Lou and J.~Hespanha and P.~Barooah},
  title =        {Effective Resistance of {G}romov-Hyperbolic Graphs: Application to Asymptotic Sensor Network Problems},
  booktitle =    {Proceedings of the 46th IEEE Conference on Decision and Control},
  year =         {2007},
  pages =        {1453--1458},
}

@INPROCEEDINGS{Kas98,
  author =       {S.~Kaski},
  title =        {Dimensionality reduction by random mapping: fast similarity computation for clustering},
  booktitle =    {Proceedings of the 1998 IEEE International Joint Conference on Neural Networks},
  year =         {1998},
  pages =        {413--418},
}

@INPROCEEDINGS{HardcoreMCMC,
  author =       {R.~Kannan and M.W.~Mahoney and R.~Montenegro},
  title =        {Rapid Mixing of Several {Markov} Chains for a Hard-Core Model},
  booktitle =    {Proceedings of the 14th Annual International Symposium on Algorithms and Computation},
  year =         {2003},
  pages =        {663--675},
}

@inproceedings{Kelner04,
 author = {J.~A.~Kelner},
 title = {Spectral partitioning, eigenvalue bounds, and circle packings for graphs of bounded genus},
 booktitle =    {Proceedings of the 36th Annual ACM Symposium on Theory of Computing},
 year = {2004},
 pages = {455--464},
}

@INPROCEEDINGS{KM04,
  author =       {D.~Kempe and F.~McSherry},
  title =        {A Decentralized Algorithm for Spectral Analaysis},
  booktitle =    {Proceedings of the 36th Annual ACM Symposium on Theory of Computing},
  year =         {2004},
  pages =        {561--568},
}

@INPROCEEDINGS{KKT03,
  author =       {D.~Kempe and J.~Kleinberg and E.~Tardos},
  title =        {Maximizing the spread of influence through a social network},
  booktitle =    {Proceedings of the 9th Annual ACM SIGKDD Conference},
  year =         {2003},
  pages =        {137--146},
}

@INPROCEEDINGS{KSW,
  author =       {S. Khanna and M. Sudan and D. Williamson},
  title =        {A complete classification of the approximability of maximization problems derived from {Boolean} Constraint Satisfaction},
  booktitle =    {Proceedings of the 29th Annual ACM Symposium on Theory of Computing},
  year =         {1997},
  pages =        {11--20},
}

@inproceedings{Khot02,
  author =       {S.~Khot},
  title =        {On the power of unique 2-prover 1-round games},
  booktitle =    {Proceedings of the 34th Annual ACM Symposium on Theory of Computing},
  year =         {2002},
  pages =        {767-775},
}

@inproceedings{KKMD04,
  author =       {S.~Khot and G.~Kindler and E.~Mossel and R.~O'Donnell},
  title =        {Optimal Inapproximability Results for {Max-Cut} and Other 2-Variable {CSP}s?},
  booktitle =    {Proceedings of the 45th Annual IEEE Symposium on Foundations of Computer Science},
  year =         {2004},
  pages =        {146-154},
}

@INPROCEEDINGS{Kle97,
  author =       {J. Kleinberg},
  title =        {Two Algorithms for nearest-neighbor search in high dimensions},
  booktitle =    {Proceedings of the 29th Annual ACM Symposium on Theory of Computing},
  year =         {1997},
  pages =        {599--608},
}

@INPROCEEDINGS{Kle98,
  author =       {J.~Kleinberg},
  title =        {Authoritative sources in a hyperlinked environment},
  booktitle =    {Proceedings of the 9th Annual ACM-SIAM Symposium on Discrete Algorithms},
  year =         {1998},
  pages =        {668--677},
}

@INPROCEEDINGS{KPR98,
  author =       {J. Kleinberg and C. Papadimitriou and P. Raghavan},
  title =        {Segmentation problems},
  booktitle =    {Proceedings of the 30th Annual ACM Symposium on Theory of Computing},
  year =         {1998},
  pages =        {473--482},
}

@INPROCEEDINGS{Kle00,
  author =       {J. Kleinberg},
  title =        {The small-world phenomenon: an algorithm perspective},
  booktitle =    {Proceedings of the 32nd Annual ACM Symposium on Theory of Computing},
  year =         {2000},
  pages =        {163--170},
}

@INPROCEEDINGS{KS04,
  author =       {J. Kleinberg and M. Sandler},
  title =        {Using Mixture Models for Collaborative Filtering},
  booktitle =    {Proceedings of the 36th Annual ACM Symposium on Theory of Computing},
  year =         {2004},
  pages =        {569--578},
}

@INPROCEEDINGS{KY04,
  author =       {B.~Klimt and Y.~Yang},
  title =        {The {E}nron Corpus: A New Dataset for Email Classification Research},
  booktitle =    {Proceedings of the 15th European Conference on Machine Learning},
  year =         {2004},
  pages =        {217--226},
}

@INPROCEEDINGS{KL02,
  author =       {R.~I.~Kondor and J.~Lafferty},
  title =        {Diffusion kernels on graphs and other discrete structures},
  booktitle =    {Proceedings of the 19th International Conference on Machine Learning},
  year =         {2002},
  pages =        {315--322},
}

@INPROCEEDINGS{Kor08,
  author =       {Y.~Koren},
  title =        {Factorization Meets the Neighborhood: a Multifaceted Collaborative Filtering Model},
  booktitle =    {Proceedings of the 14th Annual ACM SIGKDD Conference},
  year =         {2008},
  pages =        {426--434},
}

@INPROCEEDINGS{KRRT98,
  author =       {R. Kumar and P. Raghavan and S. Rajagopalan and A. Tomkins},
  title =        {Recommendation systems: a probabilistic analysis},
  booktitle =    {Proceedings of the 39th Annual IEEE Symposium on Foundations of Computer Science},
  year =         {1998},
  pages =        {664--673},
}

@INPROCEEDINGS{KMT09,
  author =       {S.~Kumar and M.~Mohri and A.~Talwalkar},
  title =        {On sampling-based approximate spectral decomposition},
  booktitle =    {Proceedings of the 26th International Conference on Machine Learning},
  year =         {2009},
  pages =        {553--560},
}

@INPROCEEDINGS{KMT09b,
  author =       {S.~Kumar and M.~Mohri and A.~Talwalkar},
  title =        {Ensemble {N}ystr\"{o}m Method},
  booktitle =    {Annual Advances in Neural Information Processing Systems 22: Proceedings of the 2009 Conference},
  year =         {2009},
  pages =        {},
}

@INPROCEEDINGS{KMT09c,
  author =       {S.~Kumar and M.~Mohri and A.~Talwalkar},
  title =        {Sampling Techniques for the {N}ystr\"{o}m Method},
  booktitle =    {Proceedings of the 12th Tenth International Workshop on Artificial Intelligence and Statistics},
  year =         {2009},
  pages =        {304--311},
}

@INPROCEEDINGS{LDCJN04,
  author =       {G.R.~Lanckriet and M.~Deng and N.~Cristianini and M.I.~Jordan and W.S.~Noble},
  title =        {Kernel-based data fusion and its application to protein function prediction in yeast},
  booktitle =    {Proceedings of the Pacific Symposium on Biocomputing 2004},
  year =         {2004},
  pages =        {300--311},
}

@INPROCEEDINGS{Lang95,
  author =       {K.~Lang},
  title =        {Newsweeder: Learning to filter netnews},
  booktitle =    {Proceedings of the 12th International Conference on Machine Learning},
  year =         {1995},
  pages =        {331--339},
}

@INPROCEEDINGS{LMO09,
  author =       {K.~Lang and M.~W.~Mahoney and L.~Orecchia},
  title =        {Empirical Evaluation of Graph Partitioning Using Spectral Embeddings and Flow},
  booktitle =    {Proc. 8-th International SEA},
  year =         {2009},
  pages =        {197--208},
}

@INPROCEEDINGS{LSH03,
  author =       {N.~Lawrence and M.~Seeger and R.~Herbrich},
  title =        {Fast sparse {G}aussian Process methods: The informative vector machine},
  booktitle =    {Annual Advances in Neural Information Processing Systems 15: Proceedings of the 2002 Conference},
  year =         {2003},
  pages =        {609--616},
}

@INPROCEEDINGS{LG09,
  author =       {D.~Lee and A.~Gray},
  title =        {Fast High-dimensional Kernel Summations Using the Monte Carlo Multipole Method},
  booktitle =    {Annual Advances in Neural Information Processing Systems 21: Proceedings of the 2008 Conference},
  year =         {2009},
  pages =        {000--000},
}

@INPROCEEDINGS{LH08,
   author    = {J.~Leskovec and E.~Horvitz},
   title     = {Planetary-scale views on a large instant-messaging network},
   booktitle = {WWW '08: Proceedings of the 17th International Conference on World Wide Web},
   year      = {2008},
   pages     = {915--924},
}

@INPROCEEDINGS{LLDM08_communities_CONF,
   author    = {J.~Leskovec and K.J.~Lang and A.~Dasgupta and M.W.~Mahoney},
   title     = {Statistical Properties of Community Structure in Large Social and Information Networks},
   booktitle = {WWW '08: Proceedings of the 17th International Conference on World Wide Web},
   year      = {2008},
   pages     = {695--704},
}

@INPROCEEDINGS{LLM10_communities_CONF,
   author    = {J.~Leskovec and K.J.~Lang and M.W.~Mahoney},
   title     = {Empirical Comparison of Algorithms for Network Community Detection},
   booktitle = {WWW '10: Proceedings of the 19th International Conference on World Wide Web},
   year      = {2010},
   pages     = {631--640},
}

@INPROCEEDINGS{LKL10,
  author =       {M.~Li and J.T.~Kwok and B.-L.~Lu},
  title =        {Making Large-Scale {N}ystr\"{o}m Approximation Possible},
  booktitle =    {Proceedings of the 27th International Conference on Machine Learning},
  year =         {2010},
  pages =        {631--638},
}

@INPROCEEDINGS{LHC06_KDD,
  author =       {P.~Li and T.~Hastie and K.W.~Church},
  title =        {Very sparse random projections},
  booktitle =    {Proceedings of the 12th Annual ACM SIGKDD Conference},
  year =         {2006},
  pages =        {287--296},
}

@INPROCEEDINGS{LHC06_COLT,
  author =       {P.~Li and T.~Hastie and K.W.~Church},
  title =        {Improving Random Projections Using Marginal Information},
  booktitle =    {Proceedings of the 19th Annual Conference on Learning Theory},
  year =         {2006},
  pages =        {635--649},
}

@INPROCEEDINGS{LCH06_NIPS,
  author =       {P.~Li and K.W.~Church and T.~Hastie},
  title =        {Conditional Random Sampling: A Sketch-based Sampling Technique for Sparse Data},
  booktitle =    {Annual Advances in Neural Information Processing Systems 19: Proceedings of the 2006 Conference},
  year =         {2006},
  pages =        {873--880},
}

@INPROCEEDINGS{LHC07_COLT,
  author =       {P.~Li and T.~Hastie and K.W.~Church},
  title =        {Nonlinear Estimators and Tail Bounds for Dimension Reduction in $l_1$ Using Cauchy Random Projections},
  booktitle =    {Proceedings of the 20th Annual Conference on Learning Theory},
  year =         {2007},
  pages =        {514--529},
}

@INPROCEEDINGS{Li07_KDD,
  author =       {P.~Li},
  title =        {Very sparse stable random projections for dimension reduction in $\ell_{\alpha} (0 < \alpha \le 2)$ norm},
  booktitle =    {Proceedings of the 13th Annual ACM SIGKDD Conference},
  year =         {2007},
  pages =        {440--449},
}

@INPROCEEDINGS{Li08_SODA,
  author =       {P.~Li},
  title =        {Estimators and tail bounds for dimension reduction in $l_\alpha (0 < \alpha \le 2)$ using stable random projections},
  booktitle =    {Proceedings of the 19th Annual ACM-SIAM Symposium on Discrete Algorithms},
  year =         {2008},
  pages =        {10--19},
}

@INPROCEEDINGS{Li09_SODA,
  author =       {P.~Li},
  title =        {Compressed Counting},
  booktitle =    {Proceedings of the 20th Annual ACM-SIAM Symposium on Discrete Algorithms},
  year =         {2009},
  pages =        {412--421},
}

@INPROCEEDINGS{LLR94_CONF,
  author =       {N.~Linial and E.~London and Y.~Rabinovich},
  title =        {The geometry of graphs and some of its algorithmic applications},
  booktitle =    {Proceedings of the 35th Annual IEEE Symposium on Foundations of Computer Science},
  year =         {1994},
  pages =        {577--591},
}

@INPROCEEDINGS{LAS08,
  author =       {E.~Liberty and N.~Ailon and A.~Singer},
  title =        {Dense fast random projections and Lean {W}alsh Transforms},
  booktitle =    {Proceedings of the 12th International Workshop on Randomization and Computation},
  year =         {2008},
  pages =        {512--522},
}

@INPROCEEDINGS{LLL06,
  author =       {C.C.~Loy and W.K.~Lai and C.P.~Lim},
  title =        {Dimensionality Reduction of Protein Mass Spectrometry Data Using Random Projection},
  booktitle =    {Proceedings of the 13th International Conference on Neural Information Processing, ICONIP, Hong Kong},
  year =         {2006},
  pages =        {776--785},
}

@INPROCEEDINGS{LTNP10,
   author    = {Y.~Lu and P.~Tsaparas and A.~Ntoulas and L.~Polanyi},
   title     = {Exploiting Social Context for Review Quality Prediction},
   booktitle = {WWW '10: Proceedings of the 19th International Conference on World Wide Web},
   year      = {2010},
   pages     = {691--700},
}

@INPROCEEDINGS{MLTT01,
  author =       {D.~Madgwick and O.~Lahav and K.~Taylor and the~2dFGRS~Team},
  title =        {Parameterisation of Galaxy Spectra in the 2d{F} Galaxy Redshift Survey},
  booktitle =    {Mining the Sky: Proceedings of the MPA/ESO/MPE Workshop, ESO Astrophysics Symposia},
  year =         {2001}, 
  pages =        {331--336},
}

@INPROCEEDINGS{MZ11,
  author =       {A.~Magen and A.~Zouzias},
  title =        {Low Rank Matrix-valued {C}hernoff Bounds and Approximate Matrix Multiplication},
  booktitle =    {Proceedings of the 22nd Annual ACM-SIAM Symposium on Discrete Algorithms},
  year =         {2011},
  pages =        {1422--1436},
}
@INPROCEEDINGS{Magi06,
  author =       {R.~Magi and L.~Kaplinski and M.~Remm},
  title =        {The Whole Genome Tag{SNP} Selection and Transferability Among {HapMap} Populations},
  booktitle =    {Proceedings of the Pacific Symposium on Biocomputing 2006},
  year =         {2006},
  pages =        {000--000},
}

@INPROCEEDINGS{MMD06,
  author =       {M.W.~Mahoney and M.~Maggioni and P.~Drineas},
  title =        {Tensor-{CUR} Decompositions For Tensor-Based Data},
  booktitle =    {Proceedings of the 12th Annual ACM SIGKDD Conference},
  year =         {2006},
  pages =        {327--336},
}

@INPROCEEDINGS{MS01,
  author =       {M.~Meila and J.~Shi},
  title =        {A Random Walks View of Spectral Segmentation},
  booktitle =    {Proc. of International Conference on AI and Statistics (AISTAT)},
  year =         {2001},
  pages =        {000--000},
}

@INPROCEEDINGS{McS01,
  author =       {F. McSherry},
  title =        {Spectral partitioning of random graphs},
  booktitle =    {Proceedings of the 42nd Annual IEEE Symposium on Foundations of Computer Science},
  year =         {2001},
  pages =        {529--537},
}

@INPROCEEDINGS{MP04,
  author =       {C.~A.~Micchelli and M.~Pontil},
  title =        {A Function Representation for Learning in {B}anach Spaces},
  booktitle =    {Proceedings of the 17th Annual Conference on Learning Theory},
  year =         {2004},
  pages =        {255--269},
}

@inproceedings{Mihail,
  author    = {M.~Mihail},
  title     = {Conductance and Convergence of {M}arkov Chains---A Combinatorial Treatment of Expanders},
  booktitle =    {Proceedings of the 30th Annual IEEE Symposium on Foundations of Computer Science},
  year      = {1989},
  pages     = {526--531},
}

@INPROCEEDINGS{MG99,
  author =       {D.~Mladenic and M.~Grobelnik},
  title =        {Feature Selection for Unbalanced Class Distribution and {N}aive {B}ayes},
  booktitle =    {Proceedings of the 16th International Conference on Machine Learning},
  year =         {1999},
  pages =        {258--267},
}

@INPROCEEDINGS{MPX07,
  author =       {R.~Motwani and R.~Panigrahy and Y.~Xu},
  title =        {Estimating Sum by Weighted Sampling},
  booktitle =    {Proceedings of the 34th International Colloquium on Automata, Languages and Programming (ICALP)},
  year =         {2007},
  pages =        {53–-64},
}

@INPROCEEDINGS{MP78,
  author =       {J.I. Munro and M.S. Paterson},
  title =        {Selection and sorting with limited storage},
  booktitle =    {Proceedings of the 19th Annual IEEE Symposium on Foundations of Computer Science},
  year =         {1978},
  pages =        {253--258},
}

@INPROCEEDINGS{MB95,
   author    = {T.~Munzner and P.~Burchard},
   title     = {Visualizing the structure of the {W}orld {W}ide {W}eb in 3{D} hyperbolic space},
   booktitle = {Proceedings of the first symposium on Virtual reality modeling language},
   year      = {1995},
   pages     = {33--38},
}

@INPROCEEDINGS{NN09,
  author =       {H.~Narayanan and P.~Niyogi},
  title =        {On the Sample Complexity of Learning Smooth Cuts on a Manifold},
  booktitle =    {Proceedings of the 22nd Annual Conference on Learning Theory},
  year =         {2009},
  pages =        {000--000},
}

@INPROCEEDINGS{NDT09,
  author =       {N.H.~Nguyen and T.T.~Do and T.D.~Tran},
  title =        {A Fast and Efficient Algorithm for Low-rank Approximation of a Matrix},
  booktitle =    {Proceedings of the 41st Annual ACM Symposium on Theory of Computing},
  year =         {2009},
  pages =        {215--224},
}

@INPROCEEDINGS{OSVV08,
  author =       {L.~Orecchia and L.~Schulman and U.V.~Vazirani and N.K.~Vishnoi},
  title =        {On Partitioning Graphs via Single Commodity Flows}, 
  booktitle =    {Proceedings of the 40th Annual ACM Symposium on Theory of Computing},
  year =         {2008},
  pages =        {461--470},
}

@INPROCEEDINGS{OR99,
  author =       {R. Ostrovsky and Y. Rabani},
  title =        {Polynomial time approximation schemes for geometric $k$-clustering},
  booktitle =    {Proceedings of the 41th Annual IEEE Symposium on Foundations of Computer Science},
  year =         {2000},
  pages =        {349--358},
}

@INPROCEEDINGS{OFG97,
  author =       {E.~Osuna and R.~Freund and F.~Girosi},
  title =        {An Improved Training Algorithm for Support Vector Machines},
  booktitle =    {Proceedings of the 1997 IEEE Workshop on Neural Networks for Signal Processing VII},
  year =         {1997},
  pages =        {276--285},
}

@INPROCEEDINGS{OB05,
  author =       {M.~Ouimet and Y.~Bengio},
  title =        {Greedy Spectral Embedding},
  booktitle =    {Proceedings of the 10th Tenth International Workshop on Artificial Intelligence and Statistics},
  year =         {2005},
  pages =        {253--260},
}

@INPROCEEDINGS{PZW08,
  author =       {F.~Pan and X.~Zhang and W.~Wang}, 
  title =        {{CRD}: Fast Co-clustering on Large Datasets Utilizing Sampling-Based Matrix Decomposition},
  booktitle =    {Proceedings of the 34th SIGMOD international conference on Management of data},
  year =         {2008},
  pages =        {173--184},
}

@INPROCEEDINGS{PRTV98,
  author =       {C.H.~Papadimitriou and P.~Raghavan and H.~Tamaki and S.~Vempala},
  title =        {Latent semantic indexing: a probabilistic analysis},
  booktitle =    {Proceedings of the 17th ACM Symposium on Principles of Database Systems},
  year =         {1998},
  pages =        {159--168},
}

@INPROCEEDINGS{PWT05,
  author =       {P.~Parker and P.J.~Wolfe and V.~Tarok},
  title =        {A signal processing application of randomized low-rank approximations},
  booktitle =    {Proceedings of the 13th IEEE Workshop on Statistical Signal Processing},
  year =         {2005},
  pages =        {345--350},
}

@INPROCEEDINGS{PPRADMS09,
  author =       {A.~Pavlo and E.~Paulson and A.~Rasin and D.~J.~Abadi and D.~J.~DeWitt and S.~Madden and M.~Stonebraker},
  title =        {A comparison of approaches to large-scale data analysis},
  booktitle =    {Proceedings of the 35th SIGMOD international conference on Management of data},
  year =         {2009},
  pages =        {165--178},
}

@INPROCEEDINGS{PLA05_SNP,
  author =       {T.M.~Phuong and Z.~Lin and R.B.~Altman},
  title =        {Choosing {SNP}s using Feature Selection},
  booktitle =    {Proceedings of the 2005 IEEE Computational Systems Bioinformatics Conference},
  year =         {2005},
  pages =        {000--000},
}

@INPROCEEDINGS{Pla05_UAI,
  author =       {J.C.~Platt}, 
  title =        {{FastMap}, {MetricMap}, and {Landmark} {MDS} are all {N}ystr\"{o}m Algorithms},
  booktitle =    {Proceedings of the 10th International Workshop on Artificial Intelligence and Statistics}, 
  year =         {2005}, 
  pages =        {261--268},
}

@inproceedings{PlotkinSmithRao94,
 author = {S.~Plotkin and S.~Rao and W.~D.~Smith}, 
 title = {Shallow excluded minors and improved graph decompositions},
 booktitle = {SODA '94: Proceedings of the 5th annual ACM-SIAM Symposium on Discrete algorithms},
 year = {1994},
 pages = {462--470},
}

@INPROCEEDINGS{PSSMF09,
  author =       {B.~A.~Prakash and M.~Seshadri and A.~Sridharan and S.~Machiraju and C.~Faloutsos},
  title =        {{EigenSpokes}: Surprising Patterns and Scalable Community Chipping in Large Graphs},
  booktitle =    {2009 IEEE International Conference on Data Mining Workshops},
  year =         {2009}, 
  pages =        {290--295},
}

@INPROCEEDINGS{RRPBK07,
  author =       {C.~Ranger and R.~Raghuraman and A.~Penmetsa and G.~Bradski and C.~Kozyrakis},
  title =        {Evaluating {MapReduce} for Multi-core and Multiprocessor Systems},
  booktitle =    {Proceedings of the 2007 IEEE 13th International Symposium on High Performance Computer Architecture},
  year =         {2007},
  pages =        {13--24},
}

@INPROCEEDINGS{RL06,
  author =       {P.~Ravikumar and J.~Lafferty},
  title =        {Preconditioner Approximations for Probabilistic Graphical Models},
  booktitle =    {Annual Advances in Neural Information Processing Systems 18: Proceedings of the 2005 Conference},
  year =         {2006},
  pages =        {},
}

@INPROCEEDINGS{Raychaudhuri_SVD_00,
  author =       {S.~Raychaudhuri and J.M.~Stuart and R.B.~Altman},
  title =        {Principal components analysis to summarize microarray experiments: application to sporulation time series},
  booktitle =    {Proceedings of the Pacific Symposium on Biocomputing 2000},
  year =         {2000},
  pages =        {455--466},
}

@INPROCEEDINGS{RS05,
  author =       {J.~D.~M.~Rennie and N.~Srebro},
  title =        {Fast maximum margin matrix factorization for collaborative prediction},
  booktitle =    {Proceedings of the 22nd International Conference on Machine Learning},
  year =         {2005},
  pages =        {713--719},
} 

@INPROCEEDINGS{RD02,
   author    = {M.~Richardson and P.~Domingos},
   title     = {Mining knowledge-sharing sites for viral marketing},
   booktitle = {KDD '02: Proceedings of the 8th ACM SIGKDD International Conference on Knowledge Discovery and Data Mining},
   year      = {2002},
   pages     = {61--70},
}

@INPROCEEDINGS{RV06_ISS,
  author =       {M.~Rudelson and R.~Vershynin},
  title =        {Sparse reconstruction by convex relaxation: Fourier and Gaussian measurements},
  booktitle =    {Proceedings of the 40th Annual Conference on Information Sciences and Systems}, 
  year =         {2006},
  pages =        {207--212},
}

@INPROCEEDINGS{SS02,
  author =       {M.~Saks and X.~Sun},
  title =        {Space lower bounds for distance approximation in the data stream model},
  booktitle =    {Proceedings of the 34th Annual ACM Symposium on Theory of Computing},
  year =         {2002},
  pages =        {360--369},
}

@INPROCEEDINGS{Sal91,
 author =        {G.~Salton},
 title =         {The {SMART} document retrieval project},
 booktitle =     {Proceedings of the 14th Annual International ACM SIGIR Conference},
 year =          {1991},
 pages =         {356--358},
}

@INPROCEEDINGS{Sarlos06,
  author =       {T.~Sarl\'{o}s},
  title =        {Improved Approximation Algorithms for Large Matrices via Random Projections},
  booktitle =    {Proceedings of the 47th Annual IEEE Symposium on Foundations of Computer Science},
  year =         {2006},
  pages =        {143--152},
}

@INPROCEEDINGS{SKKR00,
  author =       {B.~Sarwar and G.~Karypis and J.~Konstan and J.~Riedl},
  title =        {Application of Dimensionality Reduction in Recommender System - A Case Study},
  booktitle =    {Proceedings of the WebKDD 2000 Workshop},
  year =         {2000},
  pages =        {000--000},
}

@INPROCEEDINGS{SD11,
  author =       {B.~Savas and I.~Dhillon},
  title =        {Clustered low rank approximation of graphs in information science applications},
  booktitle =    {Proceedings of the 11th SIAM International Conference on Data Mining},
  year =         {2011},
  pages =        {},
}

@INPROCEEDINGS{SHSW01,
  author =       {B.~Sch\"{o}lkopf and R.~Herbrich and A.J.~Smola and R.C.~Williamson},
  title =        {A Generalized Representer Theorem},
  booktitle =    {Proceedings of the 14th Annual Conference on Computational Learning Theory (COLT 2001) and the 5th European Conference on Computational Learning Theory (EuroCOLT 2001)},
  year =         {2001},
  pages =        {416--426},
}

@INPROCEEDINGS{SV07,
  author =       {N.D.~Shyamalkumar and K.~Varadarajan},
  title =        {Efficient subspace approximation algorithms},
  booktitle =    {Proceedings of the 18th Annual ACM-SIAM Symposium on Discrete Algorithms},
  year =         {2007},
  pages =        {532--540},
}

@INPROCEEDINGS{SSKC04,
   Author =      {D.B.~Skillicorn and S.~Simoff and P.~Kennedy and D.~Catchpoole},
   Title =       {Strategies for Winnowing Microarray Data},
   Booktitle =   {Proceedings SIAM Bioinformatics Workshop 2004, in conjunction with Fourth SIAM International Conference on Data Mining},
   Year =        {2004},
   pages =       {42--51},
}

@INPROCEEDINGS{SS00,
  author =       {A.J.~Smola and B.~Sch\"{o}lkopf},
  title =        {Sparse Greedy Matrix Approximation for Machine Learning},
  booktitle =    {Proceedings of the 17th International Conference on Machine Learning},
  year =         {2000},
  pages =        {911--918},
}

@INPROCEEDINGS{SCBLC08,
  author =       {Y.~Song and W.-Y.~Chen and H.~Bai and C.-J.~Lin and E.~Chang}, 
  title =        {Parallel Spectral Clustering}, 
  booktitle =    {European Conference on Machine Learning and Principles and Practice of Knowledge Discovery in Databases (ECML/PKDD)},
  year =         {2008},
  pages =        {374--389},
}

@INPROCEEDINGS{SW08,
  author =       {D.N.~Spendley and P.J.~Wolfe},
  title =        {Adaptive beamforming using fast low-rank covariance matrix approximations},
  booktitle =    {Proceedsings of the IEEE Radar Conference},
  year =         {2008},
  pages =        {1--5},
}

@INPROCEEDINGS{ST01,
  author =       {D.~Spielman and S.H.~Teng},
  title =        {Smoothed analysis of algorithms: {Why} the simplex algorithm usually takes polynomial time},
  booktitle =    {Proceedings of the 33rd Annual ACM Symposium on Theory of Computing},
  year =         {2001},
  pages =        {296--305},
}

@INPROCEEDINGS{SS08a_STOC,
  author =       {D.A.~Spielman and N.~Srivastava},
  title =        {Graph Sparsification by Effective Resistances},
  booktitle =    {Proceedings of the 40th Annual ACM Symposium on Theory of Computing},
  year =         {2008},
  pages =        {563--568},
}

@INPROCEEDINGS{SJ03,
  author =       {N. Srebro and T. Jaakkola},
  title =        {Weighted Low-Rank Approximations},
  booktitle =    {Proceedings of the 20th International Conference on Machine Learning},
  year =         {2003},
  pages =        {720--727},
}

@INPROCEEDINGS{SRJ05,
  author =       {N.~Srebro and J.~Rennie and T.~Jaakkola},
  title =        {Maximum Margin Matrix Factorizations},
  booktitle =    {Annual Advances in Neural Information Processing Systems 17: Proceedings of the 2004 Conference},
  year =         {2005},
  pages =        {682--688},
}


@INPROCEEDINGS{SV06,
  author =       {T.~Strohmer and R.~Vershynin}, 
  title =        {A randomized solver for linear systems with exponential convergence}, 
  booktitle =    {Proceedings of the 10th International Workshop on Randomization and Computation},
  year =         {2006},
  pages =        {499--507},
}

@INPROCEEDINGS{SXZF07_cmdmatrix,
  author =       {J.~Sun and Y.~Xie and H.~Zhang and C.~Faloutsos},
  title =        {Less is More: Compact Matrix Decomposition for Large Sparse Graphs},
  booktitle =    {Proceedings of the 7th SIAM International Conference on Data Mining},
  year =         {2007},
  pages =        {},
}

@INPROCEEDINGS{TKR08,
  author =       {A.~Talwalkar and S.~Kumar and H.~Rowley},
  title =        {Large-scale manifold learning},
  booktitle =    {Proceedings of the IEEE Conference on Computer Vision and Pattern Recognition},
  year =         {2008},
  pages =        {1--8},
}

@INPROCEEDINGS{TalRos10,
  author =       {A.~Talwalkar and A.~Rostamizadeh},
  title =        {Matrix Coherence and the {N}ystr\"{o}m Method},
  booktitle =    {Proceedings of the 26th Conference in Uncertainty in Artificial Intelligence},
  year =         {2010},
  pages =        {},
}

@INPROCEEDINGS{TPSYF08,
  author =       {H.~Tong and S.~Papadimitriou and J.~Sun and P.S.~Yu and C.~Faloutsos},
  title =        {Colibri: Fast Mining of Large Static and Dynamic Graphs},
  booktitle =    {Proceedings of the 14th Annual ACM SIGKDD Conference},
  year =         {2008},
  pages =        {686--694},
}

@INPROCEEDINGS{Tro09a,
  author =       {J.A.~Tropp},
  title =        {Column subset selection, matrix factorization, and eigenvalue optimization},
  booktitle =    {Proceedings of the 20th Annual ACM-SIAM Symposium on Discrete Algorithms},
  year =         {2009},
  pages =        {978--986},
}

@INPROCEEDINGS{VT02,
  author =       {M.A.O.~Vasilescu and D.~Terzopoulos},
  title =        {Multilinear Analysis of Image Ensembles: {T}ensor{F}aces},
  booktitle =    {Proceedings of the 7th European Conference on Computer Vision},
  year =         {2002},
  pages =        {447--460},
}

@INPROCEEDINGS{VT03,
  author =       {M.A.O.~Vasilescu and D.~Terzopoulos},
  title =        {Multilinear Subspace Analysis of Image Ensembles},
  booktitle =    {Proceedings of the IEEE Conference on Computer Vision and Pattern Recognition},
  year =         {2003},
  pages =        {93--99},
}

@INPROCEEDINGS{Vem98,
  author =       {S. Vempala},
  title =        {Random Projection: A new approach to {VLSI} layout},
  booktitle =    {Proceedings of the 39th Annual IEEE Symposium on Foundations of Computer Science},
  year =         {1998},
  pages =        {389--395},
}

@INPROCEEDINGS{VW11,
  author =       {S.~Venkatasubramanian and Q.~Wang},
  title =        {The {J}ohnson-{L}indenstrauss Transform: An Empirical Study},
  booktitle =    {ALENEX11: Workshop on Algorithms Engineering and Experimentation}, 
  year =         {2011},
  pages =        {164--173},
}

@INPROCEEDINGS{WSS04,
  author =       {K.Q.~Weinberger and F.~Sha and L.K.~Saul},
  title =        {Learning a kernel matrix for nonlinear dimensionality reduction},
  booktitle =    {Proceedings of the 21st International Conference on Machine Learning},
  year =         {2004},
  pages =        {839--846},
}

@INPROCEEDINGS{WS00,
  author =       {C.K.I.~Williams and M.~Seeger},
  title =        {The Effect of the Input Density Distribution on Kernel-based classifiers},
  booktitle =    {Proceedings of the 17th International Conference on Machine Learning},
  year =         {2000},
  pages =        {1159--1166},
}

@INPROCEEDINGS{WS01,
  author =       {C.K.I.~Williams and M.~Seeger},
  title =        {Using the {N}ystr\"{o}m Method to Speed Up Kernel Machines},
  booktitle =    {Annual Advances in Neural Information Processing Systems 13: Proceedings of the 2000 Conference},
  year =         {2001},
  pages =        {682--688},
}

@INPROCEEDINGS{Yang95,
  author =       {Y.~Yang},
  title =        {Noise reduction in a statistical approach to text categorization},
  booktitle =    {Proceedings of the 18th Annual International ACM SIGIR Conference},
  year =         {1995},
  pages =        {256--263},
}

@INPROCEEDINGS{Yang96,
  author =       {Y.~Yang},
  title =        {Sampling strategies and learning efficiency in text categorization},
  booktitle =    {AAAI Spring Symposium on Machine Learning in Information Access},
  year =         {1996},
  pages =        {88--95},
}

@INPROCEEDINGS{YL99,
  author =       {Y.~Yang and X.~Liu},
  title =        {A re-examination of text categorization methods},
  booktitle =    {Proceedings of the 22nd Annual International ACM SIGIR Conference},
  year =         {1999},
  pages =        {42--49},
}

@INPROCEEDINGS{YP97,
  author =       {Y.~Yang and J.O.~Pedersen},
  title =        {A Comparative Study on Feature Selection in Text Categorization},
  booktitle =    {Proceedings of the 14th International Conference on Machine Learning},
  year =         {1997},
  pages =        {412--420},
}

@INPROCEEDINGS{ZBY03,
  author =       {Z. Bar-Yossef},
  title =        {Sampling Lower Bounds via Information Theory},
  booktitle =    {Proceedings of the 35th Annual ACM Symposium on Theory of Computing},
  year =         {2003},
  pages =        {335--344},
}

@INPROCEEDINGS{ZG05,
  author =       {D.~Zeimpekis and E.~Gallopoulos},
  title =        {{CLSI}: A Flexible Approximation Scheme from Clustered Term-Document Matrices},
  booktitle =    {Proceedings of the 5th SIAM International Conference on Data Mining},
  year =         {2005},
  pages =        {631--635},
}

@INPROCEEDINGS{ZP04,
  author =       {P.~Zhang and J.~Peng},
  title =        {{SVM} vs Regularized Least Squares Classification},
  booktitle =    {Proceedings of the 17th International Conference on Pattern Recognition},
  year =         {2004},
  pages =        {176--179},
}

@INPROCEEDINGS{ZY03,
  author =       {J.~Zhang and Y.~Yang},
  title =        {Robustness of regularized linear classification methods in text categorization},
  booktitle =    {Proceedings of the 26th Annual International ACM SIGIR Conference},
  year =         {2003},
  pages =        {190--197},
}

@INPROCEEDINGS{ZK06,
  author =       {K.~Zhang and J.T.~Kwok},
  title =        {Block-quantized kernel matrix for fast spectral embedding},
  booktitle =    {Proceedings of the 23th International Conference on Machine Learning},
  year =         {2006},
  pages =        {1097--1104},
}

@INPROCEEDINGS{ZTK08,
  author =       {K.~Zhang and I.W.~Tsang and J.T.~Kwok},
  title =        {Improved {N}ystr\"{o}m low-rank approximation and error analysis},
  booktitle =    {Proceedings of the 25th International Conference on Machine Learning},
  year =         {2008},
  pages =        {1232--1239},
}

@INPROCEEDINGS{ZL07,
  author =       {Z.~Zhao and H.~Liu},
  title =        {Spectral feature selection for supervised and unsupervised learning},
  booktitle =    {Proceedings of the 24th International Conference on Machine Learning},
  year =         {2007},
  pages =        {1151--1157},
}


%%%%%%%%%%%%%%%%%%%%%%%%%%%%%%%%%%%%%%%%%%%%%%%%%%%%%%%%%%%%%%%%%%%%%%%%%%%%%%%%%%%%%%%%%%%%%%%%%%%%
%%%%%%%%%%%%%%%%%%%%%%%%%%%%%%%%%%%%%%%%%%%%%%%%%%%%%%%%%%%%%%%%%%%%%%%%%%%%%%%%%%%%%%%%%%%%%%%%%%%%
