%%%%%%%%%%%%%%%%%%%%%%%%%%%%%%%%%%%%%%%%%%%%%%%%%%%%%%%%%%%%%%%%%%%%%%%%%%%%%%%%%%%%%%%%%%%%%%%%%%%%
%%%%%%%%%%%%%%%%%%%%%%%%%%%%%%%%%%%%%%%%%%%%%%%%%%%%%%%%%%%%%%%%%%%%%%%%%%%%%%%%%%%%%%%%%%%%%%%%%%%%

@ARTICLE{XXy,
  author =       {XXX},
  title =        {XXX},
  journal =      {XXX},
  year =         {XXX},
  volume =       {XXX},
  number =       {XXX},
  pages =        {XXX--XXX},
}

@ARTICLE{Ach03_JRNL,
  author =       {D.~Achlioptas},
  title =        {Database-friendly random projections: Johnson-Lindenstrauss with binary coins},
  journal =      {Journal of Computer and System Sciences},
  year =         {2003},
  volume =       {66},
  number =       {4},
  pages =        {671--687},
}

@ARTICLE{AM07_JRNL,
  author =       {D.~Achlioptas and F.~McSherry},
  title =        {Fast Computation of Low-Rank Matrix Approximations},
  journal =      {Journal of the ACM},
  year =         {2007},
  volume =       {54},
  number =       {2},
  pages =        {Article 9},
}

@ARTICLE{AP88,
  author =       {A.~R.~Admati and P.~Pfleiderer},
  title =        {A Theory of Intraday Patterns: Volume and Price Variability},
  journal =      {Review of Financial Studies},
  year =         {1988},
  volume =       {1},
  number =       {1},
  pages =        {3--40},
}

@ARTICLE{AT05,
  author =       {G.~Adomavicius and A.~Tuzhilin},
  title =        {Toward the Next Generation of Recommender Systems: A Survey of the State-of-the-Art and Possible Extensions},
  journal =      {IEEE Transactions on Knowledge and Data Engineering},
  year =         {2005},
  volume =       {17},
  number =       {},
  pages =        {734--749},
}

@ARTICLE{Alb01,
  author =       {R. Albert and A.-L. Barabasi},
  title =        {Statistical mechanics of complex networks},
  journal =      {Reviews of Modern Physics},
  year =         {2002},
  volume =       {74},
  number =       {1},
  pages =        {47--97},
}

@ARTICLE{AS98,
  author =       {P.K.~Agarwal and M.~Sharir},
  title =        {Efficient algorithms for geometric optimization},
  journal =      {ACM Computing Surveys},
  year =         {1998},
  volume =       {30},
  number =       {4},
  pages =        {412--458},
}

@ARTICLE{AHV04,
  author =       {P.K.~Agarwal and S.~Har-Peled and K.R.~Varadarajan},
  title =        {Approximating extent measures of points},
  journal =      {Journal of the ACM},
  year =         {2004},
  volume =       {51},
  number =       {4},
  pages =        {606--635},
}

@ARTICLE{Agullo09,
  author =       {E.~Agullo and J.~Demmel and J.~Dongarra and B.~Hadri and J.~Kurzak and J.~Langou and H.~Ltaief and P.~Luszczek and S.~Tomov},
  title =        {Numerical linear algebra on emerging architectures: The {PLASMA} and {MAGMA} projects},
  journal =      {Journal of Physics: Conference Series}, 
  year =         {2009},
  volume =       {180},
  number =       {1},
  pages =        {012037},
}

@ARTICLE{AC06-JRNL09,
  author =       {N.~Ailon and B.~Chazelle},    
  title =        {The Fast {J}ohnson-{L}indenstrauss Transform and Approximate Nearest Neighbors},
  journal =      {SIAM Journal on Computing},
  year =         {2009},
  volume =       {39}, 
  number =       {1}, 
  pages =        {302--322}, 
}

@ARTICLE{AC10,
  author =       {N.~Ailon and B.~Chazelle},    
  title =        {Faster dimension reduction},
  journal =      {Communications of the ACM},
  year =         {2010},
  volume =       {53}, 
  number =       {2},
  pages =        {97--104},
}

@ARTICLE{Alter_SVD_00,
  author =       {O.~Alter and P.O.~Brown and D.~Botstein},
  title =        {Singular value decomposition for genome-wide expression data processing and modeling},
  journal =      {Proc. Natl. Acad. Sci. USA},
  year =         {2000},
  volume =       {97},
  number =       {18},
  pages =        {10101--10106},
}

@ARTICLE{Alter_GSVD_03,
  author =       {O.~Alter and P.O.~Brown and D.~Botstein},
  title =        {Generalized singular value decomposition for comparative analysis of genome-scale expression data sets of two different organisms},
  journal =      {Proc. Natl. Acad. Sci. USA},
  year =         {2003},
  volume =       {100},
  number =       {6},
  pages =        {3351--3356},
}

@ARTICLE{ADLRY94,
  author =       {N.~Alon and R.A.~Duke and H.~Lefmann and V.~R\"{o}dl and R.~Yuster},
  title =        {The algorithmic aspects of the Regularity Lemma},
  journal =      {Journal of Algorithms},
  year =         {1994},
  volume =       {16},
  number =       {},
  pages =        {80--109},
}

@ARTICLE{ADKKJournal,
  author =       {N.~Alon and W.F.~de~la~Vega and R.~Kannan and M.~Karpinski},
  title =        {Random Sampling and Approximation of {MAX-CSP}s},
  journal =      {Journal of Computer and System Sciences},
  year =         {2003},
  volume =       {67},
  number =       {},
  pages =        {212--243},
}

@ARTICLE{AKV02,
  author =       {N. Alon and M. Krivelevich and V.H. Vu},
  title =        {On the concentration of eigenvalues of random symmetric matrices},
  journal =      {Israel Journal of Mathematics},
  year =         {2002},
  volume =       {131},
  number =       {},
  pages =        {259--267},
}

@article{AMS99_JRNL,
  author =       {N.~Alon and Y.~Matias and M.~Szegedy},
  title =        {The space complexity of approximating the frequency moments},
  journal =      {Journal of Computer and System Sciences},
  year =         {1999},
  volume =       {58},
  number =         {1},
  pages =        {137--147},
}

@article{AN06,
  author =       {N.~Alon and A.~Naor},
  title =        {Approximating the Cut-Norm via {G}rothendieck's Inequality},
  journal =      {SIAM Journal on Computing},
  year =         {2006},
  volume =       {35},
  number =       {4},
  pages =        {787--803},
}

@article{AKB08,
  author =       {M.~\'{A}ngeles~Serrano and D.~Krioukov and M.{~Bogu\~{n}\'{a}}},
  title =        {Self-Similarity of Complex Networks and Hidden Metric Spaces},
  journal =      {Phys. Rev. Lett.},
  year =         {2008},
  volume =       {100},
  number =       {},
  pages =        {078701},
}

@article{Aro50,
  author =       {N.~Aronszajn},
  title =        {Theory of reproducing kernels},
  journal =      {Transactions of the AMS}, 
  year =         {1950},
  volume =       {68},
  number =       {3}, 
  pages =        {337--404},
}

@article{AV06_JRNL,
  author =       {R.I.~Arriaga and S.~Vempala},
  title =        {An algorithmic theory of learning: Robust concepts and random projection},
  journal =      {Machine Learning},
  year =         {2006},
  volume =       {63},
  number =       {2},
  pages =        {161--182},
}

@article{ARV_CACM08,
  author =       {S.~Arora and S.~Rao and U.~Vazirani},
  title =        {Geometry, flows, and graph-partitioning algorithms}, 
  journal =      {Communications of the ACM},
  year =         {2008},
  volume =       {51},
  number =       {10},
  pages =        {96--105},
}

@ARTICLE{AGJL07,
  author =       {A.~d'Aspremont and L.~El~Ghaoui and M.~I.~Jordan and G.~R.~G.~Lanckriet},
  title =        {A Direct Formulation for Sparse {PCA} Using Semidefinite Programming},
  journal =      {SIAM Review},
  year =         {2007},
  volume =       {49},
  number =       {3},
  pages =        {434--448},
}

@ARTICLE{ABG08,
  author =       {A.~d'Aspremont and F.~Bach and L.~El~Ghaoui},
  title =        {Optimal Solutions for Sparse Principal Component Analysis},
  journal =      {Journal of Machine Learning Research},
  year =         {2008},
  volume =       {9},
  number =       {},
  pages =        {1269--1294},
}

@ARTICLE{AR98,
  author =       {Y.~Aumann and Y.~Rabani},
  title =        {An $O(\log k)$ Approximate Min-Cut Max-Flow Theorem and Approximation Algorithm},
  journal =      {SIAM Journal on Computing},
  year =         {1998},
  volume =       {27},
  number =       {1},
  pages =        {291--301},
}

@ARTICLE{AMT10,
  author =       {H.~Avron and P.~Maymounkov and S.~Toledo},
  title =        {Blendenpik: Supercharging {LAPACK}'s least-squares solver},
  journal =      {SIAM Journal on Scientific Computing},
  year =         {2010},
  volume =       {32},
  number =       {},
  pages =        {1217--1236},
}

@ARTICLE{AT11_JRNL,
  author =       {H.~Avron and S.~Toledo},
  title =        {Randomized algorithms for estimating the trace of an implicit symmetric positive semidefinite matrix},
  journal =      {To appear in the Journal of the ACM.},
  year =         {},
  volume =       {},
  number =       {},
  pages =        {},
}

@ARTICLE{Bai99,
  author =       {Z.D.~Bai},
  title =        {Methodologies in spectral analysis of large dimensional random matrices, a review},
  journal =      {Statistica Sinica},
  year =         {1999}, 
  volume =       {9},
  number =       {},
  pages =        {611--677},
}

@ARTICLE{BJ02,
  author =       {F.R.~Bach and M.I.~Jordan},
  title =        {Kernel Independent Component Analysis},
  journal =      {Journal of Machine Learning Research},
  year =         {2002},
  volume =       {3},
  number =       {},
  pages =        {1--48},
}

@ARTICLE{BB10,
   author  = {N.~M.~Ball and R.~J.~Brunner},
   title   = {Data Mining and Machine Learning in Astronomy},
   journal = {International Journal of Modern Physics D},
   year    = {2010},
   volume  = {19},
   number  = {7},
   pages   = {1049--1106},
}

@ARTICLE{BLFetc04,
   author  = {N.~M.~Ball and J.~Loveday and M.~Fukugita and O.~Nakamura and S.~Okamura and J.~Brinkmann and R.~J.~Brunner},
   title   = {Galaxy types in the {S}loan {D}igital {S}ky {S}urvey using supervised artificial neural networks},
   journal = {Monthly Notices of the Royal Astronomical Society},
   year    = {2004},
   volume  = {348}, 
   number  = {3}, 
   pages   = {1038--1046},
}

@ARTICLE{BC03,
  author =       {H.-J.~Bandelt and V.~Chepoi},
  title =        {$1$-Hyperbolic Graphs},
  journal =      {SIAM Journal on Discrete Mathematics},
  year =         {2003}, 
  volume =       {16},
  number =       {2},
  pages =        {323--334},
}

@ARTICLE{BMDG05,
  author =       {A.~Banerjee and S.~Merugu and I.~S.~Dhillon and J.~Ghosh},
  title =        {Clustering with Bregman Divergences},
  journal =      {Journal of Machine Learning Research},
  year =         {2005},
  volume =       {6},
  number =       {},
  pages =        {1705--1749}, 
}

@ARTICLE{BBV06,
  author =       {M.-F.~Balcan and A.~Blum and S.~Vempala},
  title =        {Kernels as features: On kernels, margins, and low-dimensional mappings},
  journal =      {Machine Learning},
  year =         {2006},
  volume =       {65},
  number =       {1},
  pages =        {79--94},
}

@article{BJ08a,
  author =       {A.~Banerjee and J.~Jost},
  title =        {On the spectrum of the normalized graph {L}aplacian},
  journal =      {Linear Algebra and its Applications},
  year =         {2008},
  volume =       {428},
  number =       {11--12}, 
  pages =        {3015--3022}, 
}

@article{BJ08b,
  author =       {A.~Banerjee and J.~Jost},
  title =        {Spectral plot properties: Towards a qualitative classification of networks},
  journal =      {Networks and Heterogeneous Media}, 
  year =         {2008},
  volume =       {3},
  number =       {2},
  pages =        {395--411},
}

@article{BJ09a,
  author =       {A.~Banerjee and J.~Jost},
  title =        {Graph spectra as a systematic tool in computational biology},
  journal =      {Discrete Applied Mathematics},
  year =         {2009}, 
  volume =       {157},
  number =       {10},
  pages =        {2425--2431},
}

@ARTICLE{BDDW08,
  author =       {R.~Baraniuk and M.~Davenport and R.~DeVore and M.~Wakin}, 
  title =        {A Simple Proof of the Restricted Isometry Property for Random Matrices},
  journal =      {Constructive Approximation},
  year =         {28},
  volume =       {3},
  number =       {2008},
  pages =        {253--263},
}

@ARTICLE{BGKRS95,
  author =       {R.S.~Barr and B.L.~Golden and J.P.~Kelly and M.G.C.~Resende and W.R.~Stewart},
  title =        {Designing and reporting on computational experiments with heuristic methods},
  journal =      {Journal of Heuristics},
  year =         {1995},
  volume =       {1},
  number =       {1},
  pages =        {9--32},
}

@ARTICLE{BG01,
   author  = {M.~Bauer and O.~Golinelli},
   title   = {Random Incidence Matrices: Moments of the Spectral Density},
   journal = {Journal of Statistical Physics},
   year    = {2001},
   volume  = {103},
   number  = {301--337},
   pages   = {1-2}, 
}

@ARTICLE{BM05,
   author  = {D.~Bazell and D.~J.~Miller},
   title   = {Class Discovery in Galaxy Classification},
   journal = {The Astrophysical Journal},
   year    = {2005},
   volume  = {618},
   number  = {2},
   pages   = {723--732},
}

@ARTICLE{BW09_PNAS,
  author =       {M.-A.~Belabbas and P.~J.~Wolfe},
  title =        {Spectral methods in machine learning and new strategies for very large datasets},
  journal =      {Proc. Natl. Acad. Sci. USA},
  year =         {2009},
  volume =       {106},
  number =       {},
  pages =        {369--374},
}

@ARTICLE{BW09_JRNL,
  author =       {M.-A.~Belabbas and P.J.~Wolfe},
  title =        {On landmark selection and sampling in high-dimensional data analysis},
  journal =      {Philosophical Transactions of the Royal Society, Series A},
  year =         {2009}, 
  volume =       {367},
  number =       {},
  pages =        {4295--4312},
}

@ARTICLE{BHS99,
  author =       {B.~Biais and P.~Hillion and C.~Spatt},
  title =        {Price discovery and learning during the preopening period in the {P}aris {B}ourse},
  journal =      {Journal of Political Economy},
  year =         {1999},
  volume =       {107},
  number =       {6},
  pages =        {1218--1248},
}

@ARTICLE{BCM05,
  author =       {A.~Buades and B.~Coll and J.M.~Morel},
  title =        {A Review of Image Denoising Algorithms, with a New One},
  journal  =     {Multiscale Modeling and Simulation: A SIAM Interdisciplinary Journal},
  year =         {2005},
  volume =       {4},
  number =       {2},
  pages =        {490--530},
}

@ARTICLE{BN03,
  author =       {M.~Belkin and P.~Niyogi},
  title =        {{L}aplacian eigenmaps for dimensionality reduction and data representation},
  journal  =     {Neural Computation},
  year =         {2003},
  volume =       {15},
  number =       {6},
  pages =        {1373--1396}, 
}

@ARTICLE{BN04,
  author =       {M.~Belkin and P.~Niyogi},
  title =        {Semi-Supervised Learning on {R}iemannian Manifolds},
  journal  =     {Machine Learning},
  year =         {2004},
  volume =       {56},
  number =       {},
  pages =        {209--239}, 
}

@ARTICLE{BGJR88,
  author =       {F.~Barahona and M.~Gr\"{o}tschel and M.~J\"{u}nger and G.~Reinelt},
  title =        {An application of combinatorial optimization to statistical physics and circuit layout design},
  journal  =     {Operations Research},
  year =         {1988},
  volume =       {36},
  number =       {},
  pages =        {493--513}, 
}

@ARTICLE{Beb00,
  author =       {M.~Bebendorf},
  title =        {Approximation of boundary element matrices}, 
  journal =      {Numerische Mathematik},
  year =         {2000},
  volume =       {86},
  number =       {},
  pages =        {565-589}, 
}

@ARTICLE{BKS07,
  author =       {C.~Bekas and E.~Kokiopoulou and Y.~Saad},
  title =        {An estimator for the diagonal of a matrix},
  journal =      {Applied Numerical Mathematics},
  year =         {2007},
  volume =       {57},
  number =       {},
  pages =        {1214--1229},
}

@ARTICLE{BNS06,
  author =       {M.~Belkin and P.~Niyogi and V.~Sindhwani},
  title =        {Manifold Regularization: A Geometric Framework for Learning from Labeled and Unlabeled Examples},
  journal =      {Journal of Machine Learning Research},
  year =         {2006},
  volume =       {7},
  number =       {},
  pages =        {2399--2434},
}

@ARTICLE{BDRPVO04,
  author =       {Y.~Bengio and O.~Delalleau and N.~Le~Roux and J.-F.~Paiement and P.~Vincent and M.~Ouimet},
  title =        {Learning Eigenfunctions Links Spectral Embedding and Kernel {PCA}},
  journal =      {Neural Computation},
  year =         {2004},
  volume =       {16},
  number =       {10}, 
  pages =        {2197--2219},
}

@ARTICLE{framingham,
  author =       {E.~Benjamin and D.~Levy and S.~Vaziri and R.~D'Agostino and A.~Belanger and P. Wolf},
  title =        {Independent Risk Factors for Atrial Fibrillation in a Population-Based Cohort: The {F}ramingham Heart Study},
  journal =      {The Journal of the American Medical Association}, 
  year =         {1994},
  volume =       {271},
  number =       {11},
  pages =        {840--844},
}

@ARTICLE{BGHNT06,
  author =       {M.~Bern and J.R.~Gilbert and B.~Hendrickson and N.~Nguyen and S.~Toledo},
  title =        {Support-Graph Preconditioners},
  journal =      {SIAM Journal on Matrix Analysis and Applications},
  year =         {2006},
  volume =       {27},
  number =       {4},
  pages =        {930--951},
}

@ARTICLE{BM02,
  author =       {G.~Beylkin and M.J.~Mohlenkamp},
  title =        {Numerical operator calculus in higher dimensions},
  journal =      {Proc. Natl. Acad. Sci. USA},
  year =         {2002},
  volume =       {99},
  number =       {16},
  pages =        {10246--10251}, 
}

@ARTICLE{BHG03,
  author =       {A.~Ben-Hur and I.~Guyon},
  title =        {Detecting stable clusters using principal component analysis},
  journal =      {Methods in Molecular Biology},
  year =         {2003},
  volume =       {224},
  number =       {},
  pages =        {159--182},
}

@ARTICLE{BB06,
  author =       {M.W.~Berry and M.~Browne},
  title =        {Email Surveillance Using Non-negative Matrix Factorization},
  journal =      {Computational and Mathematical Organization Theory},
  year =         {2005},
  volume =       {11},
  number =       {3},
  pages =        {249--264},
}

@ARTICLE{BDO95,
  author =       {M.W.~Berry and S.T.~Dumais and G.W.~O'Brian},
  title =        {Using linear algebra for intelligent information retrieval},
  journal =      {SIAM Review},
  year =         {1995},
  volume =       {37},
  number =       {4},
  pages =        {573--595},
}

@ARTICLE{BDJ99,
  author =       {M.W.~Berry and Z.~Drmac and E.R.~Jessup},
  title =        {Matrices, vector spaces, and information retrieval},
  journal =      {SIAM Review},
  year =         {1999},
  volume =       {41},
  number =       {2},
  pages =        {335--362},
}

@ARTICLE{BPS05_JRNL,
  author =       {M.W.~Berry and S.A.~Pulatova and G.W.~Stewart},
  title =        {Computing Sparse Reduced-Rank Approximations to Sparse Matrices},
  journal =      {ACM Transactions on Mathematical Software},
  year =         {2005},
  volume =       {31},
  number =       {2},
  pages =        {252--269},
}

@ARTICLE{BGS05,
   author  = {B.~Biais and L.~Glosten and C.~Spatt},
   title   = {Market Microstructure: A Survey of Microfoundations, Empirical Results, and Policy Implications}, 
   journal = {Journal of Financial Markets},
   year    = {2005}, 
   volume  = {8}, 
   number  = {},
   pages   = {217--264},
}

@ARTICLE{BL06,
  author =       {P.~Bickel and B.~Li},
  title =        {Regularization in Statistics},
  journal =      {TEST},
  year =         {2006},
  volume =       {15},
  number =       {2},
  pages =        {271--344},
}

@article{BM99,
  author =       {G.~Biroli and R.~Monasson},
  title =        {A single defect approximation for localized states on random lattices},
  journal =      {J. of Physics A: Math. and Gen.},
  year =         {1999},
  volume =       {32},
  number =       {24}, 
  pages =        {L255--L261},
}

@ARTICLE{BH91,
  author =       {C.~H.~Bischof and P.~C.~Hansen},
  title =        {Structure-preserving and rank-revealing {QR}-factorizations},
  journal =      {SIAM Journal on Scientific and Statistical Computing},
  year =         {1991},
  volume =       {12},
  number =       {6},
  pages =        {1332--1350},
}

@ARTICLE{BQ98a,
  author =       {C.~H.~Bischof and G.~Quintana-Ort{\'i}},
  title =        {Computing rank-revealing {QR} factorizations of dense matrices},
  journal =      {ACM Transactions on Mathematical Software},
  year =         {1998},
  volume =       {24},
  number =       {2},
  pages =        {226--253},
}

@ARTICLE{BQ98b,
  author =       {C.~H.~Bischof and G.~Quintana-Ort{\'i}},
  title =        {Algorithm 782: {C}odes for rank-revealing {QR} factorizations of dense matrices},
  journal =      {ACM Transactions on Mathematical Software},
  year =         {1998},
  volume =       {24},
  number =       {2},
  pages =        {254--257},
}

@ARTICLE{Bis95,
  author =       {C.~M.~Bishop},
  title =        {Training with noise is equivalent to {T}ikhonov regularization},
  journal =      {Neural Computation},
  year =         {1995},
  volume =       {7},
  number =       {1},
  pages =        {108--116},
}

@ARTICLE{bjor:94,
  author =       {{\AA}.~Bj{\"o}rck},
  title =        {Numerics of {Gram-Schmidt} Orthogonalization},
  journal =      {Linear Algebra and Its Applications},
  year =         {1994},
  volume =       {197--198},
  number =       {},
  pages =        {297--316},
}

@ARTICLE{BL97,
  author =       {A.L.~Blum and P.~Langley},
  title =        {Selection of Relevant Features and Examples in Machine Learning},
  journal =      {Artificial Intelligence},
  year =         {1997},
  volume =       {97},
  number =       {},
  pages =        {245--271},
}

@ARTICLE{BR92,
  author =       {A.L.~Blum and R.L.~Rivest},
  title =        {Training A 3-Node Neural Network Is {NP}-Complete},
  journal =      {Neural Networks},
  year =         {1992},
  volume =       {5},
  number =       {},
  pages =        {117--127},
}

@ARTICLE{BP99,
  author =       {J.~Bockaert and J.P.~Pin},
  title =        {Molecular tinkering of {G} protein-coupled receptors: an evolutionary success},
  journal =      {{EMBO} Journal},
  year =         {1999},
  volume =       {18},
  number =       {7},
  pages =        {1723--1729},
}

@ARTICLE{BKC09,
  author =       {M.~{Bogu{\~{n}}\'{a}} and D.~Krioukov and K.C.~Claffy},
  title =        {Navigability of complex networks},
  journal =      {Nature Physics},
  year =         {2009},
  volume =       {5},
  number =       {},
  pages =        {74--80},
}

@ARTICLE{BDGC00,
  author =       {P.G.~Bolhuis and C.~Dellago and P.L.~Geissler and D.~Chandler},
  title =        {Transition path sampling: throwing ropes over mountains in the dark},
  journal =      {J. Phys.: Condens. Matter},
  year =         {2000}, 
  volume =       {12},
  number =       {},
  pages =        {A147--A152},
}

@ARTICLE{BJR07,
   author  = {B.~Bollob\'{a}s and S.~Janson and O.~Riordan},
   title   = {The phase transition in inhomogeneous random graphs},
   journal = {Random Structures and Algorithms},
   year    = {2007},
   volume  = {31},
   number  = {1},
   pages   = {3--122},
}

@ARTICLE{BH03,
  author =       {E.G.~Boman and B.~Hendrickson},
  title =        {Support Theory for Preconditioning},
  journal =      {SIAM Journal on Matrix Analysis and Applications},
  year =         {2003},
  volume =       {25},
  number =       {3},
  pages =        {694--717},
}

@ARTICLE{BCHT04,
  author =       {E.G.~Boman and D.~Chen and B.~Hendrickson and S.~Toledo},
  title =        {Maximum-weight-basis preconditioners},
  journal =      {Numerical Linear Algebra with Applications},
  year =         {2004},
  volume =       {11},
  number =       {8-9},
  pages =        {695--721},
}

@ARTICLE{BHV08,
  author =       {E.G.~Boman and B.~Hendrickson and S.~Vavasis},
  title =        {Solving Elliptic Finite Element Systems in Near-Linear Time with Support Preconditioners},
  journal =      {SIAM Journal on Numerical Analysis},
  year =         {2008},
  volume =       {46},
  number =       {6},
  pages =        {3264--3284},
}

@ARTICLE{Bon87,
  author =       {P.~Bonacich},
  title =        {Power and Centrality: A Family of Measures},
  journal =      {The American Journal of Sociology},
  year =         {1987},
  volume =       {92},
  number =       {5},
  pages =        {1170--1182},
}

@ARTICLE{BE06,
   author  = {S.~P.~Borgatti and M.~G.~Everett},
   title   = {A Graph-theoretic perspective on centrality},
   journal = {Social Networks},
   year    = {2006},
   volume  = {28},
   number  = {4},
   pages   = {466--484}, 
}

@ARTICLE{Bos04,
  author =       {M.~Corominas-Bosch},
  title =        {Bargaining in a network of buyers and sellers},
  journal =      {Journal of Economic Theory},
  year =         {2004}, 
  volume =       {115}, 
  number =       {1}, 
  pages =        {35--77}, 
}

@ARTICLE{BLM89,
  author =       {J.~Bourgain and J.~Lindenstrauss and V.~Milman},
  title =        {Approximation of zonoids by zonotopes},
  journal =      {Acta Mathematica},
  year =         {1989},
  volume =       {162},
  number =       {},
  pages =        {73--141},
}

@ARTICLE{BR88,
   author  = {A.~J.~Bray and G.~J.~Rodgers},
   title   = {Diffusion in a sparsely connected space: A model for glassy relaxation},
   journal = {Physical Review B},
   year    = {1988},
   volume  = {38}, 
   number  = {16},
   pages   = {11461--11470},
}

@ARTICLE{BV00,
  author =       {A.~Brazma and J.~Vilo},
  title =        {Gene expression data analysis},
  journal =      {{FEBS} Letters},
  year =         {2000},
  volume =       {480},
  number =       {},
  pages =        {17--24},
}

@ARTICLE{Bri01_all,
  author =       {L.~Breiman},
  title =        {Statistical Modeling: The Two Cultures (with comments and a rejoinder by the author)},
  journal =      {Statistical Science},
  year =         {2001},
  volume =       {16},
  number =       {3},
  pages =        {199--231},
}

@ARTICLE{BBP10,
  author =       {M.E.~Broadbent and M.~Brown and K.~Penner},
  title =        {Subset Selection Algorithms: Randomized vs. Deterministic},
  journal =      {SIAM Undergraduate Research Online},
  year =         {May 13, 2010},
  volume =       {3},
  number =       {},
  pages =        {},
}

@ARTICLE{BM96,
  author =       {D.J.~Brown and R.L.~Matzkin},
  title =        {Testable restrictions on the equilibrium manifold},
  journal =      {Econometrica},
  year =         {1996},
  volume =       {64},
  number =       {6},
  pages =        {1249--1262},
}

@ARTICLE{BS00,
  author =       {D.J.~Brown and C.~Shannon},
  title =        {Uniqueness, stability, and comparative statics in rationalizable {W}alrasian markets},
  journal =      {Econometrica},
  year =         {2000},
  volume =       {68},
  number =       {6},
  pages =        {1529--1539},
}

@ARTICLE{Brown_SVM_00,
  author =       {M.P.S.~Brown and W.N.~Grundy and D.~Lin and N.~Cristianini and C.W.~Sugnet and T.S.~Furey and M.~Ares~Jr. and D.~Haussler},
  title =        {Knowledge-based analysis of microarray gene expression data by using support vector machines},
  journal =      {Proc. Natl. Acad. Sci. USA},
  year =         {2000},
  volume =       {97},
  number =       {1},
  pages =        {262--267},
}

@ARTICLE{BB99,
  author =       {P.O.~Brown and D.~Botstein},
  title =        {Exploring the new world of the genome with {DNA} microarrays},
  journal =      {Nature Genetics},
  year =         {1999},
  volume =       {21},
  number =       {},
  pages =        {33--37},
}

@ARTICLE{BWSDY09,
   author  = {T.~Budav\'{a}ri and V.~Wild and A.~S.~Szalay and L.~Dobos and C.-W. Yip},
   title   = {Reliable eigenspectra for new generation surveys},
   journal = {Monthly Notices of the Royal Astronomical Society},
   year    = {2009},
   volume  = {394},
   number  = {3}, 
   pages   = {1496--1502},
}

@ARTICLE{BG65,
  author =       {P.~Businger and G.H.~Golub},
  title =        {Linear least squares solutions by {H}ouseholder transformations},
  journal =      {Numerische Mathematik},
  year =         {1965},
  volume =       {7},
  number =       {},
  pages =        {269--276},
}

@ARTICLE{But02,
  author =       {A.~Butte},
  title =        {The use and analysis of microarray data},
  journal =      {Nature Reviews Drug Discovery},
  year =         {2002},
  volume =       {1},
  number =       {},
  pages =        {951--960},
}

@ARTICLE{Byng03,
  author =       {M.C.~Byng and J.C.~Whittaker and A.P.~Cuthbert and C.G.~Mathew and C.M.~Lewis},
  title =        {{SNP} subset selection for genetic association studies},
  journal =      {Annals of Human Genetics},
  year =         {2003},
  volume =       {67},
  number =       {},
  pages =        {543--556},
}

@ARTICLE{CRT06,
  author =       {E.~Candes and J.~Romberg and T.~Tao}, 
  title =        {Robust uncertainty principles: Exact signal reconstruction from highly incomplete frequency information},
  journal =      {IEEE Transactions on Information Theory},
  year =         {2006},
  volume =       {52},
  number =       {2},
  pages =        {489--509},
}

@ARTICLE{CT06,
  author =       {E.~Candes and T.~Tao}, 
  title =        {Near optimal signal recovery from random projections: Universal encoding strategies?},
  journal =      {IEEE Transactions on Information Theory},
  year =         {2006},
  volume =       {52},
  number =       {12},
  pages =        {5406--5425},
}

@ARTICLE{CR06,
  author =       {E.~Candes and J.~Romberg}, 
  title =        {Quantitative robust uncertainty principles and optimally sparse},
  journal =      {Foundations of Computational Mathematics},
  year =         {2006},
  volume =       {6},
  number =       {2},
  pages =        {227--254},
}

@ARTICLE{CR07,
  author =       {E.~Candes and J.~Romberg}, 
  title =        {Sparsity and incoherence in compressive sampling},
  journal =      {Inverse Problems},
  year =         {2007},
  volume =       {23},
  number =       {3},
  pages =        {969--985},
}

@ARTICLE{CDY07_JRNL,
  author =       {E.~Candes and L.~Demanet and L.~Ying},
  title =        {Fast Computation of {F}ourier Integral Operators},
  journal =      {SIAM Journal on Scientific Computing},
  year =         {2007},
  volume =       {29},
  number =       {6},
  pages =        {2464--2493},
}

@ARTICLE{CHW08,
  author =       {C.~Cao and O.~Hansch and X.~Wang},
  title =        {Order placement strategies in a pure limit order book market},
  journal =      {Journal of Financial Research},
  year =         {2008},
  volume =       {31},
  number =       {2},
  pages =        {113--140},
}

@ARTICLE{Carlson04,
  author =       {C.S.~Carlson and M.A.~Eberle and M.J.~Rieder and Q.~Yi and L.~Kruglyak and D.A.~Nickerson},
  title =        {Selecting a maximally informative set of single-nucleotide polymorphisms for association analyses using linkage disequilibrium},
  journal =      {American Journal of Human Genetics},
  year =         {2004},
  volume =       {74},
  number =       {1},
  pages =        {106--120},
}

@ARTICLE{CTSZ08,
  author =       {G.~Carlsson and T.~Ishkhanov and V.~de~Silva and A.~Zomorodian},
  title =        {On the Local Behavior of Spaces of Natural Images},
  journal =      {International Journal of Computer Vision},
  year =         {2008},
  volume =       {76},
  number =       {1},
  pages =        {1--12},
}

@ARTICLE{CC70,
  author =       {J.D.~Carroll and J.J.~Chang},
  title =        {Analysis of individual differences in multidimensional scaling via an {$N$}-way generalization of ``{E}ckart-{Y}oung'' decomposition},
  journal =      {Psychometrika},
  year =         {1970},
  volume =       {35},
  number =       {3},
  pages =        {283--319},
}

@ARTICLE{Cha87,
  author =       {T.F.~Chan},
  title =        {Rank revealing {QR}~factorizations},
  journal =      {Linear Algebra and Its Applications},
  year =         {1987},
  volume =       {88/89},
  number =       {},
  pages =        {67--82},
}

@ARTICLE{CH90,
  author =       {T.F.~Chan and P.C.~Hansen},
  title =        {Computing Truncated Singular Value Decomposition Least Squares Solutions by Rank Revealing {QR}-Factorizations},
  journal =      {SIAM Journal on Scientific and Statistical Computing},
  year =         {1990},
  volume =       {11},
  number =       {},
  pages =        {519--530},
}

@ARTICLE{CH92,
  author =       {T.F.~Chan and P.C.~Hansen},
  title =        {Some applications of the rank revealing {QR} factorization},
  journal =      {SIAM Journal on Scientific and Statistical Computing},
  year =         {1992},
  volume =       {13},
  number =       {},
  pages =        {727--741},
}

@ARTICLE{CH94,
  author =       {T.F.~Chan and P.C.~Hansen},
  title =        {Low-rank revealing {QR}~factorizations},
  journal =      {Numerical Linear Algebra with Applications},
  year =         {1994},
  volume =       {1},
  number =       {},
  pages =        {33--44},
}

@ARTICLE{CI94,
  author =       {S.~Chandrasekaran and I.~C.~F.~Ipsen},
  title =        {On rank-revealing factorizations},
  journal =      {SIAM Journal on Matrix Analysis and Applications},
  year =         {1994},
  volume =       {15},
  number =       {},
  pages =        {592--622},
}

@ARTICLE{CH86,
  author =       {S.~Chatterjee and A.S.~Hadi},
  title =        {Influential Observations, High Leverage Points, and Outliers in Linear Regression},
  journal =      {Statistical Science},
  year =         {1986},
  volume =       {1},
  number =       {3},
  pages =        {379--393},
}

@article{CXMR07,
  author =       {P.~Chen and H.~Xie and S.~Maslov and S.~Redner},
  title =        {Finding scientific gems with {G}oogle's {PageRank} algorithm},
  journal =      {Journal of Informetrics},
  year =         {2007},
  volume =       {1},
  number =       {},
  pages =        {8--15},
}

@ARTICLE{CDS01,
  author =       {S.S.~Chen and D.L.~Donoho and M.A.~Saunders},
  title =        {Atomic decomposition by Basis Pursuit},
  journal =      {SIAM Review},
  year =         {2001},
  volume =       {43},
  number =       {1},
  pages =        {129--159},
}

@ARTICLE{CH02,
  author =       {Z.~Chen and S.~Haykin},
  title =        {On Different Facets of Regularization Theory},
  journal =      {Neural Computation},
  year =         {2002},
  volume =       {14},
  number =       {12},
  pages =        {2791--2846},
}

@ARTICLE{CGMR05,
  author =       {H.~Cheng and Z.~Gimbutas and P.-G.~Martinsson and V.~Rokhlin},
  title =        {On the Compression of Low Rank Matrices},
  journal =      {SIAM Journal on Scientific Computing},
  year =         {2005},
  volume =       {26},
  number =       {4},
  pages =        {1389--1404},
}

@ARTICLE{Cheung05,
  author =       {V.G.~Cheung and R.S.~Spielman and K.G.~Ewens and T.M.~Weber and M.~Morley and J.T.~Burdick},
  title =        {Mapping determinants of human gene expression by regional and genome-wide association},
  journal =      {Nature},
  year =         {2005},
  volume =       {437},
  number =       {},
  pages =        {1365--1369},
}

@ARTICLE{Cho_cellcycle_98,
  author =       {R.J.~Cho and M.J.~Campbell and E.A.~Winzeler and L.~Steinmetz and A.~Conway and L.~Wodicka and T.G.~Wolfsberg and A.E.~Gabrielian and D.~Landsman and D.J.~Lockhart and R.W.~Davis},
  title =        {A genome-wide transcriptional analysis of the mitotic cell cycle},
  journal =      {Molecular Cell},
  year =         {1998},
  volume =       {2},
  number =       {},
  pages =        {65--73},
}

@ARTICLE{obesity,
  author =       {N.~Christakis and J.~Fowler},
  title =        {The Spread of Obesity in a Large Social Network over 32 Years},
  journal =      {New England Journal of Medicine}, 
  year =         {2007},
  volume =       {357},
  number =       {4},
  pages =        {370--379},
}

@ARTICLE{Chu_sporulation_98,
  author =       {S.~Chu and J.~DeRisi and M.~Eisen and J.~Mulholland and D.~Botstein and P.O.~Brown and I.~Herskowitz},
  title =        {The transcriptional program of sporulation in budding yeast},
  journal =      {Science},
  year =         {1998},
  volume =       {282},
  number =       {},
  pages =        {699--705},
}

@ARTICLE{CM09a,
  author =       {A.~Civril and M.~Magdon-Ismail},
  title =        {On Selecting A Maximum Volume Sub-matrix of a Matrix and Related Problems},
  journal =      {Theoretical Computer Science},
  year =         {2009},
  volume =       {410},
  number =       {},
  pages =        {4801--4811},
}

@ARTICLE{CM09b,
  author =       {A.~Civril and M.~Magdon-Ismail},
  title =        {Column Based Matrix Reconstruction via Greedy Approximation of {SVD}},
  journal =      {Numerical Linear Algebra with Applications},
  year =         {2009},
  volume =       {000},
  number =       {},
  pages =        {000--000},
}

@ARTICLE{CL97,
  author =       {E. Cohen and D.D. Lewis},
  title =        {Approximating matrix multiplication for pattern recognition tasks},
  journal =      {Journal of Algorithms},
  year =         {1999},
  volume =       {30},
  number =       {2},
  pages =        {211--252},
}

@ARTICLE{CLLMNWZ05a,
  author =       {R.R.~Coifman and S.~Lafon and A.B.~Lee and M.~Maggioni and B.~Nadler and F.~Warner and S.W.~Zucker},
  title =        {Geometric diffusions as a tool for harmonic analysis and structure definition in data: Diffusion maps},
  journal =      {Proc. Natl. Acad. Sci. USA},
  year =         {2005},
  volume =       {102},
  number =       {21},
  pages =        {7426--7431},
}

@ARTICLE{CS99,
   author  = {A.~J.~Connolly and A.~S.~Szalay},
   title   = {A Robust Classification of Galaxy Spectra: Dealing with Noisy and Incomplete Data},
   journal = {The Astronomical Journal},
   year    = {1999},
   volume  = {117},
   number  = {5},
   pages   = {2052--2062},
}

@ARTICLE{CSBKC95,
   author  = {A.~J.~Connolly and A.~S.~Szalay and M.~A.~Bershady and A.~L.~Kinney and D.~Calzetti},
   title   = {Spectral Classification of Galaxies: an Orthogonal Approach},
   journal = {The Astronomical Journal},
   year    = {1995},
   volume  = {110},
   number  = {3},
   pages   = {1071--1082},
}

@ARTICLE{CFSV04,
  author =       {D.~Conte and P.~Foggia and C.~Sansone and M.~Vento},
  title =        {Thirty Years Of Graph Matching In Pattern Recognition},
  journal =      {International Journal of Pattern Recognition and Artificial Intelligence},
  year =         {2004},
  volume =       {18},
  number =       {3},
  pages =        {265--298},
}

@ARTICLE{CT65,
   author  = {J.W.~Cooley and J.W.~Tukey},
   title   = {An algorithm for the machine calculation of complex {F}ourier series},
   journal = {Mathematics of Computation}, 
   year    = {1965},
   volume  = {19}, 
   number  = {90},
   pages   = {297--301},
}

@ARTICLE{CV95,
  author =       {C.~Cortes and V.~Vapnik},
  title =        {Support-Vector Networks},
  journal =      {Machine Learning},
  year =         {1995},
  volume =       {20},
  number =       {3},
  pages =        {273--297},
}

@ARTICLE{CW87,
  author =       {D. Coppersmith and S. Winograd},
  title =        {Matrix multiplication via arithmetic progressions},
  journal =      {Journal of Symbolic Computation},
  year =         {1990},
  volume =       {9},
  number =       {3},
  pages =        {251--280},
}

@ARTICLE{CJK09,
  author =       {J.~Copic and M.~O.~Jackson and A.~Kirman}, 
  title =        {Identifying Community Structures from Network Data via Maximum Likelihood Methods},
  journal =      {The B.E. Press Journal of Theoretical Economics},
  year =         {2009},
  volume =       {9}, 
  number =       {Issue 1, Article 30},
  pages =        {},
}

@ARTICLE{CJP09,
  author =       {S.~Currarini and M.~O.~Jackson and P.~Pin}, 
  title =        {An Economic Model of Friendship: Homophily, Minorities, and Segregation}, 
  journal =      {Econometrica},
  year =         {2009},
  volume =       {77},
  number =       {4},
  pages =        {1003--1045}, 
}

@ARTICLE{CJP10,
  author =       {S.~Currarini and  M.~O.~Jackson and P.~Pin}, 
  title =        {Identifying the Roles of Choice and Chance in Network Formation: Racial Biases in High School Friendships},
  journal =      {forthcoming in the Proc. Natl. Acad. Sci. USA},
  year =         {},
  volume =       {},
  number =       {},
  pages =        {},
}

@ARTICLE{DSS68,
  author =       {G.~Dahlquist and B.~Sj\"{o}berg and P.~Svensson},
  title =        {Comparison of the Method of Averages with the Method of Least Squares}, 
  journal =      {Mathematics of Computation},
  year =         {1968},
  volume =       {22},
  number =       {104},
  pages =        {833--845},
}

@ARTICLE{Daly01,
  author =       {M.J.~Daly and J.D.~Rioux and S.F.~Schaffner and T.J.~Hudson and E.S.~Lander},
  title =        {High-resolution haplotype structure in the human genome},
  journal =      {Nature Genetics},
  year =         {2001},
  volume =       {29},
  number =       {2},
  pages =        {229--232},
}

@ARTICLE{DDHKM09_lp_SICOMP,
  author =       {A.~Dasgupta and P.~Drineas and B.~Harb and R.~Kumar and M.W.~Mahoney},
  title =        {Sampling Algorithms and Coresets for $\ell_p$ Regression},
  journal =      {Accepted for publication: SIAM Journal on Computing},
  year =         {},
  volume =       {},
  number =       {},
  pages =        {},
}

@ARTICLE{DG02,
  author =       {S.~Dasgupta and A.~Gupta},
  title =        {An elementary proof of a theorem of {J}ohnson and {L}indenstrauss},
  journal =      {Random Structures and Algorithms},
  year =         {2003}, 
  volume =       {22}, 
  number =       {1}, 
  pages =        {60--65}, 
}

@ARTICLE{Dawson02,
  author =       {E.~Dawson and G.R.~Abecasis and S.~Bumpstead and Y.~Chen and S.~Hunt and D.M.~Beare and J.~Pabial and T.~Dibling and E.~Tinsley and S.~Kirby and D.~Carter and M.~Papaspyridonos and S.~Livingstone and R.~Ganske and E.~Lohmussaar and J.~Zernant and N.~Tonisson and M.~Remm and R.~Magi and T.~Puurand and J.~Vilo and A.~Kurg and K.~Rice and P.~Deloukas and R.~Mott and A.~Metspalu and D.R.~Bentley and L.R.~Cardon and I.~Dunham},
  title =        {A first-generation linkage disequilibrium map of human chromosome 22},
  journal =      {Nature},
  year =         {2002},
  volume =       {418},
  number =       {},
  pages =        {544--548},
}

@ARTICLE{MDay,
  author =       {M.~Day},
  title =        {Polygons circumscribed about closed convex curves},
  journal =      {Transactions of the American Mathematical Society},
  year =         {1947},
  volume =       {62},
  number =       {},
  pages =        {315--319},
}

@ARTICLE{DG08_CACM,
  author =       {J.~Dean and S.~Ghemawat},
  title =        {{MapReduce}: simplified data processing on large clusters},
  journal =      {Communications of the ACM},
  year =         {2008},
  volume =       {51},
  number =       {1},
  pages =        {107--113},
}

@ARTICLE{DDLFH90,
  author =       {S.T.~Deerwester and S.T.~Dumais and G.W.~Furnas and T.K.~Landauer and R.~Harshman},
  title =        {Indexing by latent semantic analysis},
  journal =      {Journal of the American Society for Information Science},
  year =         {1990},
  volume =       {41},
  number =       {6},
  pages =        {391--407},
}

@ARTICLE{DRVW06_JRNL,
  author =       {A.~Deshpande and L.~Rademacher and S.~Vempala and G.~Wang},
  title =        {Matrix Approximation and Projective Clustering via Volume Sampling},
  journal =      {Theory of Computing}, 
  year =         {2006},
  volume =       {2},
  number =       {},
  pages =        {225--0247},
}

@ARTICLE{DV92,
  author =       {J.~Demmel and K.~Veseli\'{c}},
  title =        {Jacobi's method is more accurate than {QR}}, 
  journal =      {SIAM Journal on Matrix Analysis and Applications},
  year =         {1992},
  volume =       {13},
  number =       {},
  pages =        {1204--1245},
}

@ARTICLE{DHV93,
  author =       {J.W.~Demmel and M.T.~Heath and H.A.~van~der~Vorst},
  title =        {Parallel numerical linear algebra},
  journal =      {Acta Numerica},
  year =         {1993},
  volume =       {2},
  number =       {},
  pages =        {111--197},
}

@ARTICLE{DDHK07,
  author =       {J.~Demmel and I.~Dumitriu and O.~Holtz and R.~Kleinberg},
  title =        {Fast matrix multiplication is stable},
  journal =      {Numerische Mathematik},
  year =         {2007},
  volume =       {106},
  number =       {2},
  pages =        {199--224},
}

@ARTICLE{DDH07,
  author =       {J.~Demmel and I.~Dumitriu and O.~Holtz},
  title =        {Fast linear algebra is stable},
  journal =      {Numerische Mathematik},
  year =         {2007},
  volume =       {108},
  number =       {1},
  pages =        {59--91},
}

@ARTICLE{DDHK08,
  author =       {J.~Demmel and I.~Dumitriu and O.~Holtz and P.~Koev},
  title =        {Accurate and efficient expression evaluation and linear algebra},
  journal =      {Acta Numerica},
  year =         {2008},
  volume =       {17},
  number =       {},
  pages =        {87--145},
}

@ARTICLE{DeBakker05,
  author =       {P.I.~De~Bakker and R.~Yelensky and I.~Pe'er and S.B.~Gabriel and M.J.~Daly and D.~Altshuler},
  title =        {Efficiency and power in genetic association studies},
  journal =      {Nature Genetics},
  year =         {2005},
  volume =       {37},
  number =       {11},
  pages =        {1217--1223},
}

@ARTICLE{dlV96,
  author =       {W.F.~de~la~Vega},
  title =        {{MAX-CUT} has a Randomized Approximation Scheme in Dense Graphs},
  journal =      {Random Structures and Algorithms},
  year =         {1996},
  volume =       {8},
  number =       {3},
  pages =        {187--198},
}

@ARTICLE{DeLaVega05,
  author =       {F.M.~De~La~Vega and H.~Isaac and A.~Collins and C.R.~Scafe and B.V.~Halldorsson and X.~Su and R.A.~Lippert and Y.~Wang and M.~Laig-Webster and R.T.~Koehler and J.S.~Ziegle and L.T.~Wogan and J.F.~Stevens and K.M.~Leinen and S.J.~Olson and K.J.~Guegler and X.~You and L.H.~Xu and H.G.~Hemken and F.~Kalush and M.~Itakura and Y.~Zheng and G.~de~The and S.J.~O'Brien and A.G.~Clark and S.~Istrail and M.W.~Hunkapiller and E.G.~Spier and D.A.~Gilbert},
  title =        {The linkage disequilibrium maps of three human chromosomes across four populations reflect their demographic history and a common underlying recombination pattern},
  journal =      {Genome Research},
  year =         {2005},
  volume =       {15},
  number =       {},
  pages =        {454--462},
}

@ARTICLE{DDV00a,
  author =       {L.~De~Lathauwer and B.~De~Moor and J.~Vandewalle},
  title =        {A Multilinear Singular Value Decomposition},
  journal =      {SIAM Journal on Matrix Analysis and Applications},
  year =         {2000},
  volume =       {21},
  number =       {4},
  pages =        {1253--1278},
}

@ARTICLE{DDV00b,
  author =       {L.~De~Lathauwer and B.~De~Moor and J.~Vandewalle},
  title =        {On the Best Rank-$1$ and Rank-({$R_1$},{$R_2$},$\ldots$,{$R_N$}) Approximation of Higher-Order Tensors},
  journal =      {SIAM Journal on Matrix Analysis and Applications},
  year =         {2000},
  volume =       {21},
  number =       {4},
  pages =        {1324--1342},
}

@ARTICLE{DDV00c,
  author =       {L.~De~Lathauwer and B.~De~Moor and J.~Vandewalle},
  title =        {An introduction to independent component analysis},
  journal =      {Journal of Chemometrics},
  year =         {2000},
  volume =       {14},
  number =       {},
  pages =        {123--149},
}

@ARTICLE{DeRisi_diauxic_97,
  author =       {J.L.~DeRisi and V.R.~Iyer and P.O.~Brown},
  title =        {Exploring the metabolic and genetic control of gene expression on a genomic scale},
  journal =      {Science},
  year =         {1997},
  volume =       {278},
  number =       {},
  pages =        {680--686},
}

@ARTICLE{DeVerse03,
  author =       {R.A.~DeVerse and R.R.~Coifman and A.C.~Coppi and W.G.~Fateley and F.~Geshwind and R.M.~Hammaker and S.~Valenti and F.J.~Warner and G.L.~Davis},
  title =        {Application of spatial light modulators for new modalities in spectrometry and imaging},
  journal =      {Proceedings of the SPIE},
  year =         {2003},
  volume =       {4959},
  number =       {},
  pages =        {12--22}
}

@ARTICLE{Ding05,
  author =       {K.~Ding and K.~Zhou and J.~Zhang and J.~Knight and X.~Zhang and Y.~Shen},
  title =        {The Effect of Haplotype-Block Definitions on Inference of Haplotype-Block Structure and ht{SNP}s Selection},
  journal =      {Molecular Biology and Evolution},
  year =         {2005},
  volume =       {22},
  number =       {},
  pages =        {148--159},
}

@ARTICLE{DT07,
   author  = {I.~S.~Dhillon and J.~A.~Tropp},
   title   = {Matrix Nearness Problems with {B}regman Divergences},
   journal = {SIAM Journal on Matrix Analysis and Applications},
   year    = {2007},
   volume  = {29},
   number  = {4},
   pages   = {1120--1146},
}

@ARTICLE{Donath:1973,
   author  = {W.E.~Donath and A.J.~Hoffman},
   title   = {Lower Bounds for the Partitioning of Graphs},
   journal = {IBM Journal of Research and Development},
   year    = {1973},
   volume  = {17},
   number  = {},
   pages   = {420--425},
}

@ARTICLE{DNM06,
   author  = {L.~Donetti and F.~Neri and M.~A.~Mu\~{n}oz},
   title   = {Optimal network topologies: expanders, cages, {R}amanujan graphs, entangled networks and all that}, 
   journal = {J. Phys. A: Math. Theor.},
   year    = {2006},
   volume  = {},
   number  = {},
   pages   = {P08007},
}

@ARTICLE{DG03,
  author =       {D.L.~Donoho and C.~Grimes},
  title =        {Hessian eigenmaps: {L}ocally linear embedding techniques for high-dimensional data },
  journal =      {Proc. Natl. Acad. Sci. USA},
  year =         {2003},
  volume =       {100},
  number =       {10},
  pages =        {5591--5596},
}

@ARTICLE{Don06,
  author =       {D.L.~Donoho},
  title =        {Compressed sensing},
  journal =      {IEEE Transactions on Information Theory},
  year =         {2006},
  volume =       {52},
  number =       {4},
  pages =        {1289--1306},
}

@ARTICLE{DGMS03,
   author  = {S.~N.~Dorogovtsev and A.~V.~Goltsev and J.~F.~F.~Mendes and A.~N.~Samukhin},
   title   = {Spectra of complex networks},
   journal = {Physical Review E},
   year    = {2003},
   volume  = {68},
   number  = {},
   pages   = {046109}, 
}

@ARTICLE{DS66,
  author =       {N.~R.~Draper and D.~M.~Stoneman},
  title =        {Testing for the Inclusion of Variables in Linear Regression by a Randomisation Technique},
  journal =      {Technometrics}, 
  year =         {1966},
  volume =       {8},
  number =       {4},
  pages =        {695--699},
}

@ARTICLE{DFKVV04_JRNL,
  author =       {P.~Drineas and A.~Frieze and R.~Kannan and S.~Vempala and V.~Vinay},
  title =        {Clustering large graphs via the singular value decomposition},
  journal =      {Machine Learning},
  year =         {2004},
  volume =       {56},
  number =       {1-3},
  pages =        {9--33},
}

@ARTICLE{dkm_matrix1,
  author =       {P.~Drineas and R.~Kannan and M.W.~Mahoney},
  title =        {
Fast {Monte Carlo} Algorithms for Matrices {I}: 
Approximating Matrix Multiplication
},
  journal =      {SIAM Journal on Computing},
  year =         {2006},
  volume =       {36},
  number =       {},
  pages =        {132--157},
}

@ARTICLE{dkm_matrix2,
  author =       {P.~Drineas and R.~Kannan and M.W.~Mahoney},
  title =        {
Fast {Monte Carlo} Algorithms for Matrices {II}: 
Computing a Low-Rank Approximation to a Matrix
},
  journal =      {SIAM Journal on Computing},
  year =         {2006},
  volume =       {36},
  number =       {},
  pages =        {158--183},
}

@ARTICLE{dkm_matrix3,
  author =       {P.~Drineas and R.~Kannan and M.W.~Mahoney},
  title =        {
Fast {Monte Carlo} Algorithms for Matrices {III}: 
Computing a Compressed Approximate Matrix Decomposition
},
  journal =      {SIAM Journal on Computing},
  year =         {2006},
  volume =       {36},
  number =       {},
  pages =        {184--206},
}

@ARTICLE{dkm_maxcut_JRNL,
  author =       {P.~Drineas and R.~Kannan and M.W.~Mahoney},
  title =        {Sampling Sub-problems of Heterogeneous {Max-Cut} Problems and Approximation Algorithms},
  journal =      {Random Structures and Algorithms}, 
  year =         {2008},
  volume =       {32},
  number =       {3}, 
  pages =        {307--333},
}

@ARTICLE{dm_kernel_JRNL,
  author =       {P.~Drineas and M.W.~Mahoney},
  title =        {On the {N}ystr\"{o}m Method for Approximating a {G}ram Matrix for Improved Kernel-Based Learning},
  journal =      {Journal of Machine Learning Research},
  year =         {2005},
  volume =       {6},
  number =       {},
  pages =        {2153--2175},
}

@ARTICLE{dm_tensorSVD_JRNL,
  author =       {P.~Drineas and M.W.~Mahoney},
  title =        {A Randomized Algorithm for a Tensor-Based Generalization of the {S}ingular {V}alue {D}ecomposition},
  journal =      {Linear Algebra and its Applications},
  year =         {2007},
  volume =       {420},
  number =       {},
  pages =        {553--571},
}

@ARTICLE{DMM08_CURtheory_JRNL,
  author =       {P.~Drineas and M.W.~Mahoney and S.~Muthukrishnan},
  title =        {Relative-Error {CUR} Matrix Decompositions},
  journal =      {SIAM Journal on Matrix Analysis and Applications},
  year =         {2008},
  volume =       {30},
  number =       {},
  pages =        {844--881},
}

@ARTICLE{DMMS07_FastL2_NM10,
  author =       {P.~Drineas and M.W.~Mahoney and S.~Muthukrishnan and T.~Sarl\'{o}s},
  title =        {Faster Least Squares Approximation},
  journal =      {Numerische Mathematik},
  year =         {2010},
  volume =       {117},
  number =       {2},
  pages =        {219--249},
}

@ARTICLE{Dum91,
  author =       {S.T.~Dumais},
  title =        {Improving the retrieval of information form external sources},
  journal =      {Behavior Research Methods, Instruments and Computers},
  year =         {1991},
  volume =       {23},
  number =       {2},
  pages =        {229--236},
}

@ARTICLE{DF85,
  author =       {M.E. Dyer and A.M. Frieze},
  title =        {A simple heuristic for the $p$-center problem},
  journal =      {Operations Research Letters},
  year =         {1985},
  volume =       {3},
  number =       {},
  pages =        {285--288},
}

@article{Elo08,
  author =       {Y.~Elon},
  title =        {Eigenvectors of the discrete {L}aplacian on regular graphs---a statistical approach},
  journal =      {J. of Physics A: Math. and Theor.},
  year =         {2008},
  volume =       {41},
  number =       {},
  pages =        {435203},
}

@article{EK09,
  author =       {G.~Erg\"{u}n and R.~K\"{u}hn},
  title =        {Spectra of modular random graphs},
  journal =      {J. of Physics A: Math. and Theor.},
  year =         {2009},
  volume =       {42},
  number =       {},
  pages =        {395001},
}

@ARTICLE{ESSWAI11,
  author =       {S.~Eriksson-Bique and M.~Solbrig and M.~Stefanelli and S.~Warkentin and R.~Abbey and I.C.F.~Ipsen},
  title =        {Importance Sampling for a {Monte Carlo} Matrix Multiplication Algorithm, with Application to Information Retrieval},
  journal =      {Under revision for SIAM Journal on Scientific Computing},
  year =         {},
  volume =       {},
  number =       {},
  pages =        {},
}

@ARTICLE{Eisen_cluster_98,
  author =       {M.B.~Eisen and P.T.~Spellman and P.O.~Brown and D.~Botstein},
  title =        {Cluster analysis and display of genome-wide expression patterns},
  journal =      {Proc. Natl. Acad. Sci. USA},
  year =         {1998},
  volume =       {95},
  number =       {},
  pages =        {14863--14868},
}

@ARTICLE{EY07,
  author =       {B.~Engquist and L.~Ying}, 
  title =        {Fast Directional Multilevel Algorithms for Oscillatory Kernels},
  journal =      {SIAM Journal on Scientific Computing},
  year =         {2007},
  volume =       {29},
  number =       {},
  pages =        {1710--1737},
}

@ARTICLE{Est06,
   author  = {E.~Estrada},
   title   = {Spectral scaling and good expansion properties in complex networks},
   journal = {Europhys. Lett.},
   year    = {2006},
   volume  = {73},
   number  = {},
   pages   = {649--655},
}

@ARTICLE{Eva92,
   author  = {S.~N.~Evangelou},
   title   = {A numerical study of sparse random matrices},
   journal = {Journal of Statistical Physics},
   year    = {1992},
   volume  = {69},
   number  = {1-2},
   pages   = {361--383},
}

@ARTICLE{Evans05,
  author =       {D.M.~Evans and L.R.~Cardon},
  title =        {A comparison of linkage disequilibrium patterns and estimated population recombination rates across multiple populations},
  journal =      {American Journal of Human Genetics},
  year =         {2005},
  volume =       {76},
  number =       {},
  pages =        {681--687},
}

@ARTICLE{Evans04,
  author =       {D.M.~Evans and L.R.~Cardon and A.P.~Morris},
  title =        {Genotype prediction using a dense map of {SNP}s},
  journal =      {Genetic Epidemiology},
  year =         {2004},
  volume =       {27},
  number =       {},
  pages =        {375--384},
}

@ARTICLE{EPP99,
  author =       {T.~Evgeniou and M.~Pontil and T.~Poggio},
  title =        {Regularization Networks and Support Vector Machines},
  journal =      {Advances in Computational Mathematics},
  year =         {1999},
  volume =       {13},
  number =       {1},
  pages =        {1--50},
}

@article{FRT04,
  author    = {J.~Fakcharoenphol and S.~Rao and K.~Talwar},
  title     = {A tight bound on approximating arbitrary metrics by tree metrics},
  journal   = {J. Comput. Syst. Sci.},
  year      = {2004},
  volume    = {69},
  number    = {3},
  pages     = {485-497},
}

@article{FR06,
  author    = {J.~Fakcharoenphol and S.~Rao},
  title     = {Planar graphs, negative weight edges, shortest paths, and near linear time},
  journal   = {J. Comput. Syst. Sci.},
  year      = {2006},
  volume    = {72},
  number    = {5},
  pages     = {868-889},
}

@ARTICLE{FDBV01,
  author =       {I.~J.~Farkas and I.~Der\'{e}nyi and A.-L.~Barab\'{a}si and T.~Vicsek},
  title =        {Spectra of ``real-world'' graphs: Beyond the semicircle law},
  journal =      {Physical Review E},
  year =         {2001},
  volume =       {64},
  number =       {},
  pages =        {026704},
}

@ARTICLE{FO05,
  author =       {U.~Feige and E.~Ofek},
  title =        {Spectral techniques applied to sparse random graphs},
  journal =      {Random Structures and Algorithms},
  year =         {2005},
  volume =       {27},
  number =       {2},
  pages =        {251--275},
}

@ARTICLE{fiedler75A,
   author  = {M.~Fiedler},
   title   = {Eigenvectors of acyclic matrices},
   journal = {Czechoslovak Mathematical Journal},
   year    = {1975},
   volume  = {25},
   number  = {100},
   pages   = {607--618},
}

@ARTICLE{fiedler75B,
   author  = {M.~Fiedler},
   title   = {A property of eigenvectors of nonnegative symmetric matrices and its application to graph theory},
   journal = {Czechoslovak Mathematical Journal},
   year    = {1975},
   volume  = {25},
   number  = {100},
   pages   = {619--633},
}

@ARTICLE{FHH99,
  author =       {R.~D.~Fierro and P.~C.~Hansen and P.~S.~K.~Hansen},
  title =        {{UTV} tools: {Matlab} templates for rank-revealing {UTV} decompositions},
  journal =      {Numerical Algorithms},
  year =         {1999},
  volume =       {20},
  number =       {2-3},
  pages =        {165--194},
}

@ARTICLE{FCMR08,
  author =       {M.~Filippone and F.~Camastra and F.~Masulli and S.~Rovetta},
  title =        {A survey of kernel and spectral methods for clustering},
  journal =      {Pattern Recognition},
  year =         {2008},
  volume =       {41},
  number =       {1},
  pages =        {176--190},
}

@ARTICLE{FS01,
  author =       {S.~Fine and K.~Scheinberg},
  title =        {Efficient {SVM} Training Using Low-Rank Kernel Representations},
  journal =      {Journal of Machine Learning Research},
  year =         {2001},
  volume =       {2},
  number =       {},
  pages =        {243--264},
}

@ARTICLE{FLM96,
  author =       {S.R.~Folkes and O.~Lahav and S.J.~Maddox},
  title =        {An artificial neural network approach to the classification of galaxy spectra},
  journal =      {Mon. Not. R. Astron. Soc.},
  year =         {1996},
  volume =       {283},
  number =       {2},
  pages =        {651--665},
}

@ARTICLE{FT03,
  author =       {J.M.~Ford and E.E.~Tyrtyshnikov},
  title =        {Combining {K}ronecker product approximation with discrete wavelet transform to solve dense, function-related linear systems},
  journal =      {SIAM Journal on Scientific Computing},
  year =         {2003},
  volume =       {25},
  number =       {3},
  pages =        {961--981},
}

@ARTICLE{For03,
  author =       {G.~Forman},
  title =        {An extensive empirical study of feature selection metrics for text classification},
  journal =      {Journal of Machine Learning Research},
  year =         {2003},
  volume =       {3},
  number =       {},
  pages =        {1289--1305},
}

@ARTICLE{Fos86,
  author =       {L.~V.~Foster},
  title =        {Rank and null space calculations using matrix decomposition without column interchanges},
  journal =      {Linear Algebra and Its Applications},
  year =         {1986},
  volume =       {74},
  number =       {},
  pages =        {47--71},
}

@ARTICLE{Fos09,
  author =       {L.~Foster and A.~Waagen and N.~Aijaz and M.~Hurley and A.~Luis and J.~Rinsky and C.~Satyavolu and M.~J.~Way and P.~Gazis and A.~Srivastava},
  title =        {Stable and Efficient {G}aussian Process Calculations},
  journal =      {Journal of Machine Learning Research},
  year =         {2009}, 
  volume =       {10},
  number =       {},
  pages =        {857--882},
}

@ARTICLE{FKK05,
  author =       {T.~Foucault and O.~Kadan and E.~Kandel},
  title =        {Limit order book as a market for liquidity},
  journal =      {Review of Financial Studies},
  year =         {2005},
  volume =       {18},
  number =       {4},
  pages =        {1171--1217},
}

@ARTICLE{happiness,
  author =       {J.~Fowler and N.~Christakis},
  title =        {Dynamic spread of happiness in a large social network: longitudinal analysis over 20 years in the {F}ramingham Heart Study},
  journal =      {British Medical Journal}, 
  year =         {2008},
  volume =       {337},
  number =       {a2338},
  pages =        {},
}

@ARTICLE{FBCM04,
  author =       {C.~Fowlkes and S.~Belongie and F.~Chung and J.~Malik},
  title =        {Spectral Grouping Using the {N}ystr\"{o}m Method},
  journal =      {{IEEE} Transactions on Pattern Analysis and Machine Intelligence},
  year =         {2004},
  volume =       {26},
  number =       {2},
  pages =        {214--225},
}

@ARTICLE{FH87,
  author =       {P.~Frankl and H.~Maehara},
  title =        {The {J}ohnson-{L}indenstrauss Lemma and the sphericity of some graphs},
  journal =      {Journal of Combinatorial Theory Series A},
  year =         {1987},
  volume =       {44},
  number =       {3},
  pages =        {355--362},
}

@ARTICLE{FBW91,
   author  = {L.~C.~Freeman and S.~P.~Borgatti and D.~R.~White},
   title   = {Centrality in valued graphs: A measure of betweenness based on network flow},
   journal = {Social Networks},
   year    = {1991},
   volume  = {13},
   number  = {2},
   pages   = {141--154},
}

@ARTICLE{FISS03,
  author =       {Y.~Freund and R.~Iyer and R.E.~Schapire and Y.~Singer},
  title =        {An Efficient Boosting Algorithm for Combining Preferences},
  journal =      {Journal of Machine Learning Research},
  year =         {2003},
  volume =       {4},
  number =       {},
  pages =        {933--969},
}

@ARTICLE{FS99,
  author =       {Y.~Freund and R.E.~Schapire},
  title =        {Adaptive Game Playing Using Multiplicative Weights},
  journal =      {Games and Economic Behavior},
  year =         {1999},
  volume =       {29},
  number =       {1-2},
  pages =        {79--103},
}

@ARTICLE{FK99,
  author =       {A.~Frieze and R.~Kannan},
  title =        {Quick approximation to matrices and applications},
  journal =      {Combinatorica},
  year =         {1999},
  volume =       {19},
  number =       {2},
  pages =        {175--220},
}

@ARTICLE{FKV04,
  author =       {A.~Frieze and R.~Kannan and S.~Vempala},
  title =        {Fast {Monte-Carlo} Algorithms for Finding Low-Rank Approximations},
  journal =      {Journal of the ACM},
  year =         {2004},
  volume =       {51},
  number =       {6},
  pages =        {1025--1041},
}

@ARTICLE{FK81,
  author =       {Z. F\"{u}redi and J. Koml\'{o}s},
  title =        {The eigenvalues of random symmetric matrices},
  journal =      {Combinatorica},
  year =         {1981},
  volume =       {1},
  number =       {3},
  pages =        {233--241},
}

@ARTICLE{FM91,
   author  = {Y.~V.~Fyodorov and A.~D.~Mirlin},
   title   = {Localization in ensemble of sparse random matrices},
   journal = {Physical Review Letters},
   year    = {1991},
   volume  = {67},
   number  = {},
   pages   = {2049--2052},
}

@ARTICLE{Gabriel02,
  author =       {S.B.~Gabriel and S.F.~Schaffner and H.~Nguyen and J.M.~Moore and J.~Roy and B.~Blumenstiel and J.~Higgins and M.~DeFelice and A.~Lochner and M.~Faggart and S.N.~Liu-Cordero and C.~Rotimi and A.~Adeyemo and R.~Cooper and R.~Ward and E.S.~Lander and M.J.~Daly and D.~Altshuler},
  title =        {The structure of haplotype blocks in the human genome},
  journal =      {Science},
  year =         {2002},
  volume =       {296},
  number =       {5576},
  pages =        {2225--2229},
}

@ARTICLE{GGG06,
  author =       {S.~Gaito and A.~Greppi and G.~Grossi},
  title =        {Random projections for dimensionality reduction in {ICA}},
  journal =      {International Journal of Applied Science, Engineering and Technology}, 
  year =         {2006},
  volume =       {15},
  number =       {},
  pages =        {154--158},
}

@ARTICLE{GZZ08,
   author  = {D.~Gao and Y.-X.~Zhang and Y.-H.~Zhao},
   title   = {Support vector machines and kd-tree for separating quasars from large survey data bases},
   journal = {Monthly Notices of the Royal Astronomical Society},
   year    = {2008},
   volume  = {386},
   number  = {3},
   pages   = {1417--1425},
}

@ARTICLE{GXTL10,
  author =       {X.~Gao and B.~Xiao and D.~Tao and X.~Li},
  title =        {A survey of graph edit distance},
  journal =      {Pattern Analysis \& Applications},
  year =         {2010}, 
  volume =       {13},
  number =       {1},
  pages =        {113--129},
}

@ARTICLE{Gasch_environmental_00,
  author =       {A.P.~Gasch and P.T.~Spellman and C.M.~Kao and O.~Carmel-Harel and M.B.~Eisen and G.~Storz and D.~Botstein and P.O.~Brown},
  title =        {Genomic Expression Programs in the Response of Yeast Cells to Environmental Changes},
  journal =      {Molecular Biology of the Cell},
  year =         {2000},
  volume =       {11},
  number =       {},
  pages =        {4241--4257},
}

@ARTICLE{Ghr08,
  author =       {R.~Ghrist},
  title =        {Barcodes: The persistent topology of data},
  journal =      {Bull. Amer. Math. Soc.},
  year =         {2008}, 
  volume =       {45},
  number =       {},
  pages =        {61--75},
}

@ARTICLE{GKR98,
  author =       {D.~Gibson and J.~Kleinberg and P.~Raghavan},
  title =        {Clustering Categorical Data: An Approach Based on Dynamical Systems},
  journal =      {The VLDB Journal: The International Journal on Very Large Data Bases},
  year =         {2000},
  volume =       {8},
  number =       {3-4},
  pages =        {222--236},
}

@ARTICLE{GI10,
   author  = {A.~Gilbert and P.~Indyk},
   title   = {Sparse Recovery Using Sparse Matrices},
   journal = {Proceedings of the IEEE}, 
   year    = {2010},
   volume  = {98},
   number  = {6},
   pages   = {937--947},
}

@ARTICLE{GRS08,
  author =       {J.~R.~Gilbert and S.~Reinhardt and V.~B.~Shah},
  title =        {A unified framework for numerical and combinatorial computing},
  journal =      {Computing in Sciences and Engineering},
  year =         {Mar/Apr 2008}
  volume =       {10},
  number =       {2},
  pages =        {20--25},
}

@article{GGS09,
  author =       {O.~Giraud and B.~Georgeot and D.~L.~Shepelyansky}, 
  title =        {Delocalization transition for the {G}oogle matrix},
  journal =      {Physical Review E},
  year =         {2009},
  volume =       {80},
  number =       {},
  pages =        {026107}, 
}

@ARTICLE{GM85,
  author =       {L.~R.~Glosten and P.~Milgrom},
  title =        {Bid, ask and transaction prices in a specialist market with heterogeneously informed traders},
  journal =      {Journal of Financial Economics},
  year =         {1985},
  volume =       {14},
  number =       {1},
  pages =        {71--100}, 
}

@ARTICLE{GBN05,
  author =       {N.~Goel and G.~Bebis and A.~Nefian}, 
  title =        {Face recognition experiments with random projection},
  journal =      {Proceedings of the SPIE}, 
  year =         {2005},
  volume =       {5779},
  number =       {},
  pages =        {426--437},
}

@ARTICLE{GW95,
  author =       {M.~X.~Goemans and D.~P.~Williamson},
  title =        {Improved approximation algorithms for maximum cut and satisfiability problems using semidefinite programming},
  journal =      {Journal of the ACM},
  year =         {1995},
  volume =       {42},
  number =       {6},
  pages =        {1115--1145},
}

@ARTICLE{GKK01,
  author =       {K.-I.~Goh and B.~Kahng and D.~Kim},
  title =        {Spectra and eigenvectors of scale-free networks},
  journal =      {Physical Review E},
  year =         {2001},
  volume =       {64}, 
  number =       {},
  pages =        {051903}, 
}

@ARTICLE{Goldstein01,
  author =       {D.B.~Goldstein and M.E.~Weale},
  title =        {Population genomics: linkage disequilibrium holds the key},
  journal =      {Current Biology},
  year =         {2001},
  volume =       {11},
  number =       {},
  pages =        {R576--R579},
}

@ARTICLE{Golub65,
  author =       {G.~Golub},
  title =        {Numerical methods for solving linear least squares problems},
  journal =      {Numerische Mathematik},
  year =         {1965},
  volume =       {7},
  number =       {},
  pages =        {206--216},
}

@ARTICLE{GV00,
  author =       {G.~H.~Golub and H.~A.~van~der~Vorst},
  title =        {Eigenvalue computation in the 20th century},
  journal =      {Journal of Computational and Applied Mathematics},
  year =         {2000},
  volume =       {123},
  number =       {1-2},
  pages =        {35--65},
}

@ARTICLE{GJ80,
  author =       {T.~Gonzalez and J.~Ja'Ja'},
  title =        {On the Complexity of Computing Bilinear Forms with \{0,1\} Constants},
  journal =      {Journal of Computer and System Sciences},
  year =         {1980},
  volume =       {20},
  number =       {},
  pages =        {77--95},
}

@ARTICLE{GTZ97,
  author =       {S.A.~Goreinov and E.E.~Tyrtyshnikov and N.L.~Zamarashkin},
  title =        {A Theory of Pseudoskeleton Approximations},
  journal =      {Linear Algebra and Its Applications},
  year =         {1997},
  volume =       {261},
  number =       {},
  pages =        {1--21},
}

@ARTICLE{GT01,
  author =       {S.A.~Goreinov and E.E.~Tyrtyshnikov},
  title =        {The Maximum-Volume Concept in Approximation by Low-Rank Matrices},
  journal =      {Contemporary Mathematics},
  year =         {2001},
  volume =       {280},
  number =       {},
  pages =        {47--51},
}

@ARTICLE{GRGP01,
  author =       {K.~Goldberg and T.~Roeder and D.~Gupta and C.~Perkins},
  title =        {Eigentaste: A Constant Time Collaborative Filtering Algorithm},
  journal =      {Information Retrieval},
  year =         {2001},
  volume =       {4},
  number =       {},
  pages =        {133--151},
}

@ARTICLE{GZKR08,
  author =       {Y.~Goldberg and A.~Zakai and D.~Kushnir and Y.~Ritov},
  title =        {Manifold Learning: The Price of Normalization},
  journal =      {Journal of Machine Learning Research},
  year =         {2008},
  volume =       {9}, 
  number =       {}, 
  pages =        {1909--1939},
}

@ARTICLE{GH03,
   author  = {L.~Grasedyck and W.~Hackbusch},
   title   = {Construction and arithmetics of {H}-matrices},
   journal = {Computing},
   year    = {2003},
   volume  = {70},
   number  = {4},
   pages   = {295--334},
}

@ARTICLE{GR97,
   author  = {L.~Greengard and V.~Rokhlin},
   title   = {A new version of the Fast Multipole Method for the {L}aplace equation in three dimensions},
   journal = {Acta Numerica},
   year    = {1997},
   volume  = {6},
   number  = {},
   pages   = {229--269},
}

@ARTICLE{GR87,
  author =       {L.~Greengard and V.~Rokhlin},   
  title =        {A fast algorithm for particle simulations},
  journal =      {Journal of Computational Physics},
  year =         {1987},
  volume =       {73}, 
  number =       {2},
  pages =        {325--348},
}

@ARTICLE{GS80,
  author =       {S.~J.~Grossman and J.~E.~Stiglitz},
  title =        {On the Impossibility of Informationally Efficient Markets},
  journal =      {The American Economic Review},
  year =         {1980},
  volume =       {70},
  number =       {3},
  pages =        {393--408},
}

@ARTICLE{GE96,
  author =       {M.~Gu and S.C.~Eisenstat},
  title =        {Efficient Algorithms for Computing a Strong Rank-Revealing {QR} Factorization},
  journal =      {SIAM Journal on Scientific Computing},
  year =         {1996},
  volume =       {17},
  number =       {},
  pages =        {848--869},
}

@ARTICLE{GE03,
  author =       {I.~Guyon and A.~Elisseeff},
  title =        {An introduction to variable and feature selection},
  journal =      {Journal of Machine Learning Research},
  year =         {2003},
  volume =       {3},
  number =       {},
  pages =        {1157--1182},
}

@ARTICLE{Gu05,
  author =       {S.~Gu and A.J.~Pakstis and K.K.~Kidd},
  title =        {{HAPLOT}: a graphical comparison of haplotype blocks, tag{SNP} sets and {SNP} variation for multiple populations},
  journal =      {Bioinformatics},
  year =         {2005},
  volume =       {21},
  number =       {20},
  pages =        {3938--3939},
}

@ARTICLE{HR90,
  author =       {T.~Hagerup and C.~R\"{u}b},
  title =        {A guided tour of {C}hernoff bounds},
  journal =      {Information Processing Letters},
  year =         {1990},
  volume =       {33},
  number =       {6},
  pages =        {305--308},
}

@ARTICLE{HNP09,
  author =       {A.~Halevy and P.~Norvig and F.~Pereira},
  title =        {The Unreasonable Effectiveness of Data},
  journal =      {IEEE Intelligent Systems},
  year =         {March/April 2009},
  volume =       {24},
  number =       {2},
  pages =        {8--12},
}

@ARTICLE{Halldorsson04a,
  author =       {B.V.~Halldorsson and V.~Bafna and R.~Lippert and R.~Schwartz and F.M.~De La Vega and A.G.~Clark and S.~Istrail},
  title =        {Optimal haplotype block-free selection of tagging {SNP}s for genome-wide association studies},
  journal =      {Genome Research},
  year =         {2004},
  volume =       {14},
  number =       {8},
  pages =        {1633--1640},
}

@ARTICLE{Halldorsson04b,
  author =       {B.V.~Halldorsson and S.~Istrail and F.M.~De La Vega},
  title =        {Optimal selection of {SNP} markers for disease association studies},
  journal =      {Human Heredity},
  year =         {2004},
  volume =       {58},
  number =       {3-4},
  pages =        {190--202},
}

@ARTICLE{HMS04,
  author =       {B.~Hollifield and R.~A.~Miller and P.~Sand\r{a}s},
  title =        {Empirical Analysis of Limit Order Markets},
  journal =      {Review of Economic Studies},
  year =         {2004},
  volume =       {71},
  number =       {4},
  pages =        {1027--1063},
}

@ARTICLE{Hampe03,
  author =       {J.~Hampe and S.~Schreiber and M.~Krawczak},
  title =        {Entropy-based {SNP} selection for genetic association studies},
  journal =      {Human Genetics},
  year =         {2003},
  volume =       {114},
  number =       {},
  pages =        {36--43},
}

@ARTICLE{HP97,
  author =       {J.~Hanes and A.~Pl\"uckthun},
  title =        {In vitro selection and evolution of functional proteins by using ribosome display},
  journal =      {Proc. Natl. Acad. Sci. USA},
  year =         {1997},
  volume =       {94},
  number =       {10},
  pages =        {4937--4942},
}

@ARTICLE{Has90,
  author =       {J. H{\aa}stad},
  title =        {Tensor Rank is {$NP$}-complete},
  journal =      {Journal of Algorithms},
  year =         {1990},
  volume =       {11},
  number =       {2},
  pages =        {644--654},
}

@article{Hastad01,
  author =       {J.~H{\aa}stad},
  title =        {Some optimal inapproximability results},
  journal =      {Journal of the ACM},
  volume =       {48},
  number =       {4},
  year =         {2001},
  pages =        {798-859},
}

@ARTICLE{HMM00,
   author  = {I.~Herman and G.~Melancon and M.~S.~Marshall},
   title   = {Graph Visualization and Navigation in Information Visualization: A Survey},
   journal = {IEEE Transactions on Visualization and Computer Graphics},
   year    = {2000},
   volume  = {6},
   number  = {1},
   pages   = {24--43},
}

@ARTICLE{HS10,
  author =       {S.~M.~Heilman and R.~S.~Strichartz},
  title =        {Localized Eigenfunctions: Here You See Them, There You Don't},
  journal =      {Notices of the AMS},
  year =         {2010},
  volume =       {57},
  number =       {5},
  pages =        {624--629},
}

@ARTICLE{HW78,
  author =       {D.C.~Hoaglin and R.E.~Welsch},
  title =        {The Hat Matrix in Regression and {ANOVA}},
  journal =      {The American Statistician},
  year =         {1978},
  volume =       {32},
  number =       {1},
  pages =        {17--22},
}

@ARTICLE{HS85,
  author =       {D.S. Hochbaum and D.B. Shmoys},
  title =        {A best possible heuristic for the $k$-center problem},
  journal =      {Mathematics of Operations Research},
  year =         {1985},
  volume =       {10},
  number =       {2},
  pages =        {180--184},
}

@ARTICLE{Hoe63,
  author =       {W. Hoeffding},
  title =        {Probability inequalities for sums of bounded random variables},
  journal =      {Journal of the American Statistical Association},
  year =         {1963},
  volume =       {58},
  number =       {},
  pages =        {13--30},
}

@ARTICLE{Hoff08,
  author =       {P.D.~Hoff},
  title =        {Multiplicative latent factor models for description and prediction of social networks},
  journal =      {Computational and Mathematical Organization Theory},
  year =         {2008},
  volume =       {000},
  number =       {},
  pages =        {000--000},
}

@ARTICLE{HRH02,
  author =       {P.D.~Hoff and A.E.~Raftery and M.S.~Handcock},
  title =        {Latent Space Approaches to Social Network Analysis},
  journal =      {Journal of the American Statistical Association},
  year =         {2002},
  volume =       {97},
  number =       {460},
  pages =        {1090--1109},
}

@ARTICLE{Holter_SVD_00,
  author =       {N.S.~Holter and M.~Mitra and A.~Maritan and M.~Cieplak and J.R.~Banavar and N.V.~Fedoroff},
  title =        {Fundamental patterns underlying gene expression profiles: {S}implicity from complexity},
  journal =      {Proc. Natl. Acad. Sci. USA},
  year =         {2000},
  volume =       {97},
  number =       {},
  pages =        {8409--8414},
}

@ARTICLE{Holter_dynamic_01,
  author =       {N.S.~Holter and A.~Maritan and M.~Cieplak and N.V.~Fedoroff and J.R.~Banavar},
  title =        {Dynamic modeling of gene expression data},
  journal =      {Proc. Natl. Acad. Sci. USA},
  year =         {2001},
  volume =       {98},
  number =       {4},
  pages =        {1693--1698},
}

@ARTICLE{HP92,
  author =       {Y.~P.~Hong and C.~T.~Pan},
  title =        {Rank-revealing {QR}~factorizations and the singular value decomposition},
  journal =      {Mathematics of Computation},
  year =         {1992},
  volume =       {58},
  number =       {},
  pages =        {213--232},
}

@ARTICLE{HM07,
  author =       {F.R.~de~Hoog and R.M.M.~Mattheij},
  title =        {Subset selection for matrices},
  journal =      {Linear Algebra and its Applications},
  year =         {2007},
  volume =       {422},
  number =       {2-3},
  pages =        {349--359},
}

@ARTICLE{Horne04,
  author =       {B.D.~Horne and N.J.~Camp},
  title =        {Principal component analysis for selection of optimal {SNP}-sets that capture intragenic genetic variation},
  journal =      {Genetic Epidemiology},
  year =         {2004},
  volume =       {26},
  number =       {1},
  pages =        {11--21},
}

@ARTICLE{How78,
  author =       {T.D.~Howell},
  title =        {Global Properties of Tensor Rank},
  journal =      {Linear Algebra and Its Applications},
  year =         {1978},
  volume =       {22},
  number =       {},
  pages =        {9--23},
}

@ARTICLE{HMH00,
  author =       {L.~Hubert and J.~Meulman and W.~Heiser},
  title =        {Two Purposes for Matrix Factorization: A Historical Appraisal},
  journal =      {SIAM Review},
  year =         {2000},
  volume =       {42},
  number =       {},
  pages =        {68--82},
}

@ARTICLE{Hu04,
  author =       {X.~Hu and S.J.~Schrodi and D.A.~Ross and M.~Cargill},
  title =        {Selecting tagging {SNP}s for association studies using power calculations from genotype data},
  journal =      {Human Heridity},
  year =         {2004},
  volume =       {57},
  number =       {},
  pages =        {156--170},
}

@ARTICLE{Hub99,
  author =       {P.~J.~Huber},
  title =        {Massive Datasets Workshop: Four Years After},
  journal =      {Journal of Computational and Graphical Statistics}, 
  year =         {1999},
  volume =       {8},
  number =       {3},
  pages =        {635--652},
}

@ARTICLE{Hughes_compendium_00,
  author =       {T.R.~Hughes and M.J.~Marton and A.R.~Jones and C.J.~Roberts and R.~Stoughton and C.D.~Armour and H.A.~Bennett and E.~Coffey and H.~Dai and Y.D.~He and M.J.~Kidd and A.M.~King and M.R.~Meyer and D.~Slade and P.Y.~Lum and S.B.~Stepaniants and D.D.~Shoemaker and D.~Gachotte and K.~Chakraburtty and J.~Simon and M.~Bard and S.H.~Friend},
  title =        {Functional discovery via a compendium of expression profiles},
  journal =      {Cell},
  year =         {2000},
  volume =       {102},
  number =       {},
  pages =        {109--126},
}

@ARTICLE{IMH82,
  author =       {O.H.~Ibarra and S.~Moran and R.~Hui},
  title =        {A Generalization of the Fast {LUP} Matrix Decomposition Algorithm and Applications},
  journal =      {Journal of Algorithms},
  year =         {1982},
  volume =       {3},
  number =       {},
  pages =        {45--56},
}

@ARTICLE{IHMC03,
  author =       {The International HapMap Consortium},
  title =        {The {I}nternational {HapMap} {P}roject},
  journal =      {Nature},
  year =         {2003},
  volume =       {426},
  number =       {},
  pages =        {789--796},
}

@ARTICLE{IHMC05,
  author =       {The International HapMap Consortium},
  title =        {A haplotype map of the human genome},
  journal =      {Nature},
  year =         {2005},
  volume =       {437},
  number =       {},
  pages =        {1299--1320},
}

@ARTICLE{Jac09,
  author =       {A.~Jacobs},
  title =        {The pathologies of big data},
  journal =      {Communications of the ACM},
  year =         {2009},
  volume =       {52}
  number =       {8},  
  pages =        {36--44},
}

@article{JNT01,
  author =       {D.~Jakobson and N.~Nadirashvili and J.~Toth},
  title =        {Geometric properties of eigenfunctions},
  journal =      {Russian Mathematical Surveys},
  year =         {2001},
  volume =       {56}, 
  number =       {6},
  pages =        {1085--1105},
}

@ARTICLE{Jer93,
  author =       {M. Jerrum and A. Sinclair},
  title =        {Polynomial-Time Approximation Algorithms for the {Ising} Model},
  journal =      {SIAM Journal on Computing},
  year =         {1993},
  volume =       {22},
  number =       {},
  pages =        {1087--1116},
}

@ARTICLE{Jeffreys01,
  author =       {A.J.~Jeffreys and L.~Kauppi and R.~Neumann},
  title =        {Intensely punctate meiotic recombination in the class {II} region of the major histocompatibility complex.},
  journal =      {Nature Genetics},
  year =         {2001},
  volume =       {29},
  number =       {},
  pages =        {109--111},
}

@ARTICLE{JL84,
  author =       {W.B.~Johnson and J.~Lindenstrauss},
  title =        {Extensions of {L}ipshitz mapping into {H}ilbert space},
  journal =      {Contemporary Mathematics},
  year =         {1984},
  volume =       {26},
  number =       {},
  pages =        {189--206},
}

@ARTICLE{Johnson01,
  author =       {G.C.~Johnson and L.~Esposito and B.J.~Barratt and A.N.~Smith and J.~Heward and G.~Di~Genov anda H.~Ueda and H.J.~Cordell and I.A.~Eaves and F.~Dudbridge and R.C.~Twells and F.~Payne and W.~Hughes and S.~Nutland and H.~Stevens and P.~Carr and E.~Tuomilehto-Wolf and J.~Tuomilehto and S.C.~Gough and D.G.~Clayton and J.A.~Todd },
  title =        {Haplotype tagging for the identification of common disease genes},
  journal =      {Nature Genetics},
  year =         {2001},
  volume =       {29},
  number =       {},
  pages =        {233--237},
}

@ARTICLE{Joh01,
  author =       {I.M.~Johnstone},
  title =        {On the distribution of the largest eigenvalue in principal components analysis}, 
  journal =      {Annals of Statistics},
  year =         {2001}, 
  volume =       {29},
  number =       {2},
  pages =        {295--327}, 
}

@ARTICLE{Jolliffe,
  author =       {I.~T.~Jolliffe and N.~T.~Trendafilov and M.~Uddin},
  title =        {A Modified Principal Component Technique Based on the {LASSO}}, 
  journal =      {Journal of Computational and Graphical Statistics}, 
  year =         {2003}, 
  volume =       {12},
  number =       {3},
  pages =        {531--547}, 
}

@article{JMS08,
  author =       {P.~W.~Jones and M.~Maggioni and R.~Schul},
  title =        {Manifold parametrizations by eigenfunctions of the {L}aplacian and heat kernels},
  journal =      {Proc. Natl. Acad. Sci. USA},
  year =         {2008},
  volume =       {105},
  number =       {6},
  pages =        {1803--1808},
}

@ARTICLE{JLB08,
  author =       {E.~Jonckheere and P.~Lohsoonthorn and F.~Bonahon},
  title =        {Scaled {G}romov hyperbolic graphs},
  journal =      {Journal of Graph Theory},
  year =         {2008},
  volume =       {57},
  number =       {2}, 
  pages =        {157--180},
}

@ARTICLE{Jorde00,
  author =       {L.B.~Jorde},
  title =        {Linkage disequilibrium and the search for complex disease genes},
  journal =      {Genome Research},
  year =         {2000},
  volume =       {10},
  number =       {10},
  pages =        {1435--1444},
}

@ARTICLE{KVV04_JRNL,
  author =       {R.~Kannan and S.~Vempala and A.~Vetta},
  title =        {On clusterings: Good, bad and spectral},
  journal =      {Journal of the ACM},
  year =         {2004},
  volume =       {51},
  number =       {3},
  pages =        {497--515},
}

@ARTICLE{KAAS99,
  author =       {K.V.~Ravi~Kanth and D.~Agrawal and A.E.~Abbadi and A.~Singh},
  title =        {Dimensionality reduction for similarity searching in dynamic databases},
  journal =      {Computer Vision and Image Understanding},
  year =         {1999},
  volume =       {75},
  number =       {1-2},
  pages =        {59--72},
}

@ARTICLE{KLN08,
  author =       {B.~Karrer and E.~Levina and M.E.J.~Newman}, 
  title =        {Robustness of community structure in networks}, 
  journal =      {Phys. Rev. E},
  year =         {2008},
  volume =       {77},
  number =       {},
  pages =        {046119},
}

@ARTICLE{Ke04,
  author =       {X.~Ke and C.~Durrant and A.P.~Morris and S.~Hunt and D.R.~Bentley and P.~Deloukas and L.R.~Cardon},
  title =        {Efficiency and consistency of haplotype tagging of dense {SNP} maps in multiple samples},
  journal =      {Human Molecular Genetics},
  year =         {2004},
  volume =       {13},
  number =       {21},
  pages =        {2557--2565},
}

@ARTICLE{KD05,
  author =       {S. S. Keerthi and D. DeCoste},
  title =        {A Modified Finite {N}ewton Method for Fast Solution of Large Scale Linear {SVM}s},
  journal =      {Journal of Machine Learning Research},
  year =         {2005},
  volume =       {6},
  number =       {},
  pages =        {341--361},
}

@ARTICLE{KSTW01,
  author =       {S. Khanna and M. Sudan and L. Trevisan and D.P. Williamson},
  title =        {The approximability of constraint satisfaction problems},
  journal =      {SIAM Journal on Computing},
  year =         {2001},
  volume =       {30},
  number =       {6},
  pages =        {1863--1920},
}

@article{KKM06,
  author =       {O.~Khorunzhiy and W.~Kirsch and P.~M\"{u}ller},
  title =        {Lifshits tails for spectra of {E}rdos-{R}enyi random graphs},
  journal =      {The Annals of Applied Probability},
  year =         {2006},
  volume =       {16},
  number =       {1},
  pages =        {295--309},
}

@ARTICLE{Kie00,
  author =       {H.A.L.~Kiers},
  title =        {Towards a standardized notation and terminology in multiway analysis},
  journal =      {Journal of Chemometrics},
  year =         {2000},
  volume =       {14},
  number =       {},
  pages =        {105--122},
}

@ARTICLE{Kil99,
  author =       {M.E.~Kilmer},
  title =        {Cauchy-like Preconditioners for 2-Dimensional Ill-Posed Problems},
  journal =      {SIAM Journal on Matrix Analysis and Applications},
  year =         {1999},
  volume =       {20},
  number =       {3},
  pages =        {777--799},
}

@ARTICLE{KO99,
  author =       {M.E.~Kilmer and D.P.~O'Leary},
  title =        {Pivoted {C}auchy-like Preconditioners for Regularized Solution of Ill-Posed Problems},
  journal =      {SIAM Journal on Scientific Computing},
  year =         {1999},
  volume =       {21},
  number =       {},
  pages =        {88--110},
}

@ARTICLE{KJ05,
  author =       {D.-H.~Kim and H.~Jeong},
  title =        {Systematic analysis of group identification in stock markets},
  journal =      {Physical Review E},
  year =         {2005},
  volume =       {72},
  number =       {},
  pages =        {046133},
}

@ARTICLE{KHP05,
  author =       {H.~Kim and P.~Howland and H.~Park},
  title =        {Dimension Reduction in Text Classification with Support Vector Machines},
  journal =      {Journal of Machine Learning Research},
  year =         {2005},
  volume =       {6},
  number =       {},
  pages =        {37--53},
}

@ARTICLE{KW97,
  author =       {J.~Kivinen and M.K.~Warmuth},
  title =        {Exponentiated gradient versus gradient descent for linear predictors},
  journal =      {Information and Computation},
  year =         {1997},
  volume =       {132},
  number =       {1},
  pages =        {1--63},
}

@ARTICLE{Kle99,
  author =       {J.M.~Kleinberg},
  title =        {Authoritative sources in a hyperlinked environment},
  journal =      {Journal of the ACM},
  year =         {1999},
  volume =       {46},
  number =       {5},
  pages =        {604--632},
}

@ARTICLE{KBCG03,
  author =       {Y.~Kluger and R.~Basri and J.T.~Chang and M.~Gerstein},
  title =        {Spectral Biclustering of Microarray Data: {C}oclustering Genes and Conditions},
  journal =      {Genome Research},
  year =         {2003},
  volume =       {13},
  number =       {},
  pages =        {703--716},
}

@ARTICLE{KDKS01,
  author =       {M.~Kobayashi and G.~Dupret and O.~King and H.~Samukawa},
  title =        {Estimation of singular values of very large matrices using random sampling},
  journal =      {Computers and Mathematics with Applications},
  year =         {2001},
  volume =       {42},
  number =       {10},
  pages =        {1331--1352},
}

@ARTICLE{KJ97,
  author =       {R.~Kohavi and G.H.~John},
  title =        {Wrappers for feature subset selection},
  journal =      {Artificial Intelligence},
  year =         {1997},
  volume =       {97},
  number =       {},
  pages =        {273--324},
}

@ARTICLE{Kol01,
  author =       {T.G.~Kolda},
  title =        {Orthogonal Tensor Decompositions},
  journal =      {SIAM Journal on Matrix Analysis and Applications},
  year =         {2001},
  volume =       {23},
  number =       {1},
  pages =        {243--255},
}

@ARTICLE{Kol03,
  author =       {T.G.~Kolda},
  title =        {A Counterexample to the Possibility of an Extension of the {E}ckart-{Y}oung Low-Rank Approximation Theorem for the Orthogonal Rank Tensor Decomposition},
  journal =      {SIAM Journal on Matrix Analysis and Applications},
  year =         {2003},
  volume =       {24},
  number =       {3},
  pages =        {762--767},
}

@ARTICLE{KGKB03,
  author =       {G.~Kollios and D.~Gunopulos and N.~Koudas and S.~Berchtold},
  title =        {Efficient Biased Sampling for Approximate Clustering and Outlier Detection in Large Data Sets},
  journal =      {{IEEE} Transactions on Knowledge and Data Engineering},
  year =         {2003},
  volume =       {15},
  number =       {5},
  pages =        {1170--1187},
}

@ARTICLE{Kor05,
   author  = {Y.~Koren},
   title   = {Drawing graphs by eigenvectors: theory and practice},
   journal = {Computers and Mathematics with Applications}, 
   year    = {2005}, 
   volume  = {49},
   number  = {11-12},
   pages   = {1867--1888},
}

@ARTICLE{KBV09,
   author  = {Y.~Koren and R.~Bell and C.~Volinsky},
   title   = {Matrix Factorization Techniques for Recommender Systems},
   journal = {IEEE Computer},
   year    = {2009},
   volume  = {42},
   number  = {8},
   pages   = {30--37},
}

@ARTICLE{KPKVB10,
  author =       {D.~Krioukov and F.~Papadopoulos and M.~Kitsak and A.~Vahdat and M.~{Bogu{\~{n}}\'{a}}},
  title =        {Hyperbolic Geometry of Complex Networks},
  journal =      {Physical Review E},
  year =         {2010},
  volume =       {82},
  number =       {},
  pages =        {036106},
}

@ARTICLE{KriVu02a,
  author =       {M. Krivelevich and V.H. Vu},
  title =        {Approximating the independence number and the chromatic number in expected polynomial time},
  journal =      {Journal of Combinatorial Optimization},
  year =         {2002},
  volume =       {6},
  number =       {},
  pages =        {143--155},
}

@ARTICLE{KD80,
  author =       {P.M.~Kroonenberg and J.~De~Leeuw},
  title =        {Principal component analysis of three-mode data by means of alternating least squares algorithms},
  journal =      {Psychometrika},
  year =         {1980},
  volume =       {45},
  number =       {1},
  pages =        {69--97},
}

@ARTICLE{Kru77,
  author =       {J.B.~Kruskal},
  title =        {Three-Way Arrays: Rank and Uniqueness of Trilinear Decompositions, with Application to Arithmetic Complexity and Statistics},
  journal =      {Linear Algebra and Its Applications},
  year =         {1977},
  volume =       {18},
  number =       {},
  pages =        {95--138},
}

@ARTICLE{Krzanowski87,
  author =       {W.~J.~Krzanowski},
  title =        {Selection of variables to preserve multivariate data structure, using  principal components},
  journal =      {Applied Statistics},
  year =         {1987},
  volume =       {36},
  number =       {1},
  pages =        {22--33},
}

@ARTICLE{Kuh08,
   author  = {R.~K\"{u}hn},
   title   = {Spectra of sparse random matrices},
   journal = {J. of Physics A: Math. and Theor.},
   year    = {2008},
   volume  = {41},
   number  = {},
   pages   = {295002},
}

@ARTICLE{KPS02,
  author =       {F.G.~Kuruvilla and P.J.~Park and S.L.~Schreiber},
  title =        {Vector algebra in the analysis of genome-wide expression data},
  journal =      {Genome Biology},
  year =         {2002},
  volume =       {3},
  number =       {},
  pages =        {research0011.1--0011.11},
}

@ARTICLE{Kyl85,
  author =       {A.~S.~Kyle},
  title =        {Continuous auctions and insider trading},
  journal =      {Econometrica},
  year =         {1985},
  volume =       {53},
  number =       {6}, 
  pages =        {1315--1335},
}

@ARTICLE{LLD04,
  author =       {T.K.~Landauer and D.~Laham and M.~Derr},
  title =        {From paragraph to graph: latent semantic analysis for information visualization},
  journal =      {Proc. Natl. Acad. Sci. USA},
  year =         {2004},
  volume =       {101},
  number =       {},
  pages =        {5214--5219},
}

@ARTICLE{LWW02,
  author =       {J.~Landgrebe and W.~Wurst and G.~Welzl},
  title =        {Permutation-validated principal components analysis of microarray data},
  journal =      {Genome Biology},
  year =         {2002},
  volume =       {3},
  number =       {},
  pages =        {research0019.1-0019.11},
}

@ARTICLE{LM04,
  author =       {A.~N.~Langville and C.~D.~Meyer},
  title =        {Deeper Inside {PageRank}},
  journal =      {Internet Mathematics},
  year =         {2004},
  volume =       {1},
  number =       {3},
  pages =        {335--380},
}

@ARTICLE{LM05,
  author =       {A.~N.~Langville and C.~D.~Meyer},
  title =        {A Survey of Eigenvector Methods of Web Information Retrieval},
  journal =      {SIAM Review}, 
  year =         {2005},
  volume =       {47},
  number =       {1},
  pages =        {135--161},
}

@ARTICLE{Lash97,
  author =       {D.A.~Lashkari and J.L.~DeRisi and J.H.~McCusker and A.F.~Namath and C.~Gentile and S.Y.~Hwang and P.O.~Brown and R.W.~Davis},
  title =        {Yeast microarrays for genome wide parallel genetic and gene expression analysis},
  journal =      {Proc. Natl. Acad. Sci. USA},
  year =         {1997},
  volume =       {94},
  number =       {24},
  pages =        {13057--13062},
}

@ARTICLE{Lawrance95,
  author =       {A.J.~Lawrance},
  title =        {Deletion influence and masking in regression},
  journal =      {Journal of the Royal Statistical Society: Series {B}},
  year =         {1995}, 
  volume =       {57}, 
  number =       {1}, 
  pages =        {181--189},
}

@ARTICLE{LS98,
  author =       {D.~Leibovici and R.~Sabatier},
  title =        {A singular value decomposition of a $k$-way array for a principal component analysis of multiway data, {PTA}-$k$},
  journal =      {Linear Algebra and Its Applications},
  year =         {1998},
  volume =       {269},
  number =       {},
  pages =        {307--329},
}

@ARTICLE{LS99,
  author =       {D.D.~Lee and H.S.~Seung},
  title =        {Learning the parts of objects by non-negative matrix factorization},
  journal =      {Nature},
  year =         {1999},
  volume =       {401},
  number =       {},
  pages =        {788--791},
}

@ARTICLE{LK02,
  author =       {E.~Leopold and J.~Kindermann},
  title =        {Text Categorization with Support Vector Machines. {H}ow to Represent Texts in Input Space?},
  journal =      {Machine Learning},
  year =         {2002},
  volume =       {46},
  number =       {},
  pages =        {423--444},
}

@ARTICLE{LRA93,
  author =       {S.E.~Leurgans and R.T.~Ross and R.B.~Abel},
  title =        {A decomposition for three-way arrays},
  journal =      {SIAM Journal on Matrix Analysis and Applications},
  year =         {1993},
  volume =       {14},
  number =       {4},
  pages =        {1064--1083},
}

@ARTICLE{Levenson97,
  author =       {R.M.~Levenson and D.~Farkas},
  title =        {Digital spectral imaging for histopathology and cytopathology},
  journal =      {Proceedings of the SPIE},
  year =         {1997},
  volume =       {2983},
  number =       {},
  pages =        {123--135}
}

@ARTICLE{LYRL04,
  author =       {D.D.~Lewis and Y.~Yang and T.G.~Rose and F.~Li},
  title =        {{RCV1}: A New Benchmark Collection for Text Categorization Research},
  journal =      {Journal of Machine Learning Research},
  year =         {2004},
  volume =       {5},
  number =       {},
  pages =        {361--397}
}

@ARTICLE{LHC07_JMRL,
  author =       {P.~Li and T.J.~Hastie and K.W.~Church},
  title =        {Nonlinear Estimators and Tail Bounds for Dimension Reduction in L1 Using Cauchy Random Projections},
  journal =      {Journal of Machine Learning Research},
  year =         {2007},
  volume =       {8},
  number =       {},
  pages =        {2497--2532},
}

@ARTICLE{LWFMRT07,
  author =       {E.~Liberty and F.~Woolfe and P.-G.~Martinsson and V.~Rokhlin and M.~Tygert},
  title =        {Randomized algorithms for the low-rank approximation of matrices},
  journal =      {Proc. Natl. Acad. Sci. USA},
  year =         {2007},
  volume =       {104},
  number =       {51},
  pages =        {20167--20172},
}

@ARTICLE{LA04,
  author =       {Z.~Lin and R.B.~Altman},
  title =        {Finding Haplotype Tagging {SNPs} by Use of Principal Components Analysis},
  journal =      {American Journal of Human Genetics},
  year =         {2004},
  volume =       {75},
  number =       {},
  pages =        {850--861},
}

@ARTICLE{LLR95_JRNL,
  author =       {N.~Linial and E.~London and Y.~Rabinovich},
  title =        {The geometry of graphs and some of its algorithmic applications},
  journal =      {Combinatorica},
  year =         {1995},
  volume =       {15},
  number =       {2},
  pages =        {215--245},
}

@ARTICLE{LSY03,
  author =       {G. Linden and B. Smith and J. York},
  title =        {Amazon.com Recommendations: Item-to-Item Collaborative Filtering},
  journal =      {{IEEE} Internet Computing},
  year =         {2003},
  volume =       {7},
  number =       {},
  pages =        {76--80},
}

@ARTICLE{LW94,
  author =       {N.~Littlestone and M.K.~Warmuth},
  title =        {The weighted majority algorithm},
  journal =      {Information and Computation},
  year =         {1994},
  volume =       {108},
  number =       {2},
  pages =        {212--261},
}

@ARTICLE{Liu04,
  author =       {N.~Liu and S.L.~Sawyer and N.~Mukherjee and A.J.~Pakstis and J.R.~Kidd and K.K.~Kidd and A.J.~Brookes and H.~Zhao},
  title =        {Haplotype block structures show significant variation among populations},
  journal =      {Genetic Epidemiology},
  year =         {2004},
  volume =       {27},
  number =       {4},
  pages =        {385--400},
}

@ARTICLE{Lock96,
  author =       {D.J.~Lockhart and H.~Dong and M.C.~Byrne and M.T.~Follettie and M.V.~Gallo and M.S.~Chee and M.~Mittmann and C.~Wang and M.~Kobayashi and H.~Horton and E.L.~Brown},
  title =        {Expression monitoring by hybridization to high-density oligonucleotide arrays},
  journal =      {Nature Biotechnology},
  year =         {1996},
  volume =       {14},
  number =       {},
  pages =        {1675--1680},
}

@ARTICLE{Lock00,
  author =       {D.J.~Lockhart and E.A.~Winzeler},
  title =        {Genomics, gene expression and {DNA} arrays},
  journal =      {Nature},
  year =         {2000},
  volume =       {405},
  number =       {},
  pages =        {827--836},
}

@ARTICLE{LZWetc06,
   author  = {H.~Lu and H.~Zhou and J.~Wang and T.~Wang and X.~Dong and Z.~Zhuang and C.~Li},
   title   = {Ensemble Learning for Independent Component Analysis of Normal Galaxy Spectra}, 
   journal = {The Astronomical Journal},
   year    = {2006}, 
   volume  = {131},
   number  = {2},
   pages   = {790--805},
}

@ARTICLE{LGHB07,
   author  = {A.~Lumsdaine and D.~Gregor and B.~Hendrickson and J.~W.~Berry},
   title   = {Challenges in Parallel Graph Processing},
   journal = {Parallel Processing Letters}, 
   year    = {2007},
   volume  = {17},
   number  = {1},
   pages   = {5--20},
}

@ARTICLE{LBB08,
  author =       {U.~von~Luxburg and M.~Belkin and O.~Bousquet},
  title =        {Consistency of spectral clustering},
  journal =      {Annals of Statistics},
  year =         {2008},
  volume =       {36},
  number =       {2}, 
  pages =        {555--586},
}

@ARTICLE{CUR_PNAS,
  author =       {M.W.~Mahoney and P.~Drineas},
  title =        {{CUR} Matrix Decompositions for Improved Data Analysis},
  journal =      {Proc. Natl. Acad. Sci. USA},
  year =         {2009},
  volume =       {106},
  number =       {},
  pages =        {697--702},
}

@ARTICLE{MMD08_tensorCUR_SIMAX,
  author =       {M.W.~Mahoney and M.~Maggioni and P.~Drineas},
  title =        {Tensor-{CUR} Decompositions For Tensor-Based Data},
  journal =      {SIAM Journal on Matrix Analysis and Applications},
  year =         {2008},
  volume =       {30},
  number =       {},
  pages =        {957--987},
}

@ARTICLE{Water1,
  author =       {M.W.~Mahoney and W.L.~Jorgensen},
  title =        {A five-site model for liquid water and the reproduction of the density anomaly by rigid, nonpolarizable potential functions},
  journal =      {Journal of Chemical Physics},
  year =         {2000},
  volume =       {112},
  number =       {},
  pages =        {8910--8922},
}

@ARTICLE{Water2,
  author =       {M.W.~Mahoney and W.L.~Jorgensen},
  title =        {Diffusion constant of the {TIP5P} model of liquid water},
  journal =      {Journal of Chemical Physics},
  year =         {2001},
  volume =       {114},
  number =       {},
  pages =        {363--366},
}

@ARTICLE{Water3,
  author =       {M.W.~Mahoney and W.L.~Jorgensen},
  title =        {Rapid estimation of electronic degrees of freedom in {Monte Carlo} calculations for polarizable models of liquid water},
  journal =      {Journal of Chemical Physics},
  year =         {2001},
  volume =       {114},
  number =       {},
  pages =        {9337--9349},
}

@ARTICLE{Water4,
  author =       {M.W.~Mahoney and W.L.~Jorgensen},
  title =        {Quantum, intramolecular flexibility, and polarizability effects on the reproduction of the density anomaly of liquid water by simple potential functions},
  journal =      {Journal of Chemical Physics},
  year =         {2001},
  volume =       {115},
  number =       {},
  pages =        {10758--10768},
}

@ARTICLE{Mwm_Nih1,
  author =       {X.F.~de~la~Cruz and M.W.~Mahoney and B.K.~Lee},
  title =        {Discrete representations of the protein {C}-alpha chain},
  journal =      {Folding and Design},
  year =         {1997},
  volume =       {2},
  number =       {},
  pages =        {223--234}, 
}

@ARTICLE{Mwm_Nih2,
  author =       {H.E.~Choy and R.R.~Hanger and T.~Aki and M.~Mahoney and K.~Murakami and A.~Ishihama and S.~Adhya},
  title =        {Repression and activation of promoter-bound {RNA} polymerase activity by {Gal} repressor},
  journal =      {Journal of Molecular Biology},
  year =         {1997},
  volume =       {272},
  number =       {},
  pages =        {293--300},
}

@ARTICLE{MZ93,
  author =       {S.~Mallat and Z.~Zhang},
  title =        {Matching pursuits with time-frequency dictionaries},
  journal =      {IEEE Transactions on Signal Processing},
  year =         {1993},
  volume =       {41},
  number =       {12},
  pages =        {3397--3415},
}

@ARTICLE{Mao05,
  author =       {K.~Z.~Mao},
  title =        {Identifying critical variables of principal components for unsupervised feature selection},
  journal =      {IEEE Transactions on Systems, Man, and Cybernetics, Part B},
  year =         {2005},
  volume =       {35},
  number =       {2},
  pages =        {339--344},
}

@ARTICLE{MRT11,
  author =       {P.-G.~Martinsson and V.~Rokhlin and M.~Tygert},
  title =        {A randomized algorithm for the decomposition of matrices},
  journal =      {Applied and Computational Harmonic Analysis},
  year =         {2011},
  volume =       {30},
  number =       {},
  pages =        {47--68},
}

@ARTICLE{Matousek08_RSA,
  author =       {J.~Matousek},
  title =        {On variants of the {J}ohnson--{L}indenstrauss lemma},
  journal =      {Random Structures and Algorithms},
  year =         {2008},
  volume =       {33},
  number =       {2},
  pages =        {142--156},
}

@ARTICLE{maurer,
  author =       {A.~Maurer},
  title =        {A bound on the deviation probability for sums of non-negative random variables},
  journal =      {Journal of Inequalities in Pure and Applied Mathematics},
  year =         {2003},
  volume =       {4},
  number =       {1},
  pages =        {Article 15},
}

@ARTICLE{MM08,
  author =       {P.~N.~McGraw and M.~Menzinger}, 
  title =        {Laplacian spectra as a diagnostic tool for network structure and dynamics},
  journal =      {Physical Review E},
  year =         {2008},
  volume =       {77}, 
  number =       {},
  pages =        {031102},
}

@ARTICLE{MKI10,
   author  = {R.~C.~McGurk and A.~E.~Kimball and Z.~Ivezi\'{c}},
   title   = {Principal Component Analysis of {SDSS} Stellar Spectra},
   journal = {The Astronomical Journal},
   year    = {2010},
   volume  = {139},
   number  = {},
   pages   = {1261--1268},
}

@ARTICLE{Meng03,
  author =       {Z.~Meng and D.V.~Zaykin and C.F.~Xu and M.~Wagner and M.G.~Ehm},
  title =        {Selection of genetic markers for association analyses, using linkage disequilibrium and haplotypes},
  journal =      {American Journal of Human Genetics},
  year =         {2003},
  volume =       {73},
  number =       {1},
  pages =        {115--130},
}

@ARTICLE{MV04,
  author =       {S.~Mendelson and R.~Vershynin},
  title =        {Remarks on the geometry of coordinate projections in $\mathbb{R}^{n}$},
  journal =      {Israel Journal of Mathematics},
  year =         {2007},
  volume =       {140},
  number =       {1},
  pages =        {203--220},
}

@ARTICLE{MPC78,
  author =       {P.~Menozzi and A.~Piazza and L.~Cavalli-Sforza},
  title =        {Synthetic maps of human gene frequencies in {E}uropeans},
  journal =      {Science},
  year =         {1978},
  volume =       {201},
  number =       {4358},
  pages =        {786--792},
}

@ARTICLE{Met53,
  author =       {N. Metropolis and A. W. Rosenbluth and M. N. Rosenbluth and A. H. Teller and E. Teller},
  title =        {Equation of state calculations by fast computing machines},
  journal =      {Journal of Chemical Physics},
  year =         {1953},
  volume =       {21},
  number =       {},
  pages =        {1087--1092},
}

@ARTICLE{MBD94,
  author =       {L.C.~Mattheakis and R.R.~Bhatt and W.J.~Dower},
  title =        {An in vitro polysome display system for identifying ligands from very large peptide libraries},
  journal =      {Proc. Natl. Acad. Sci. USA},
  year =         {1994},
  volume =       {91},
  number =       {19},
  pages =        {9022--9026},
}

@article{MNB10,
  author =       {F.L.~Metz and I.~Neri and D.~Boll\'{e}},
  title =        {Localization transition in symmetric random matrices},
  journal =      {Physical Review E},
  year =         {2010},
  volume =       {82},
  number =       {},
  pages =        {031135}, 
}

@ARTICLE{Megeoch92,
  author =       {C.~McGeoch},
  title =        {Analyzing algorithms by simulation: variance reduction techniques and simulation speedups},
  journal =      {ACM Computing Surveys},
  year =         {1992},
  volume =       {24},
  number =       {2},
  pages =        {195--212},
}

@ARTICLE{Megeoch96,
  author =       {C.C.~McGeoch},
  title =        {Toward an Experimental Method of Algorithm Simulation},
  journal =      {{INFORMS} Journal on Computing},
  year =         {1996},
  volume =       {8},
  number =       {1},
  pages =        {1--15},
}

@ARTICLE{MF91,
   author  = {A.~D.~Mirlin and Y.~V.~Fyodorov},
   title   = {Universality of level correlation function of sparse random matrices},
   journal = {J. Phys. A: Math. Gen.},
   year    = {1991},
   volume  = {24},
   number  = {},
   pages   = {2273--2286},
}

@ARTICLE{MT09,
  author =       {M.~Mitrovi\'{c} and B.~Tadi\'{c}},
  title =        {Spectral and dynamical properties in classes of sparse networks with mesoscopic inhomogeneities},
  journal =      {Physical Review E},
  year =         {2009},
  volume =       {80}, 
  number =       {},
  pages =        {026123}, 
}

@ARTICLE{Mon99,
  author =       {R. Monasson},
  title =        {Diffusion, localization and dispersion relations on ``small-world'' lattices}, 
  journal =      {The European Physical Journal B},
  year =         {1999},
  volume =       {12},
  number =       {4},
  pages =        {555--567}, 
}

@ARTICLE{multiplex_Mucha,
 author =       {P.J.~Mucha and T.~Richardson and K.~Macon and M.A.~Porter and J.P.~Onnela},
 title =        {Community Structure in Time-Dependent, Multiscale, and Multiplex Networks},
 journal =      {Science},
 year =         {2010},
 volume =       {328},
 number =       {5980},
 pages =        {876--878},
}

@ARTICLE{Mueller05,
  author =       {J.C.~Mueller and E.~Lohmussaar and R.~Magi and M.~Remm and T.~Bettecken and P.~Lichtner and S.~Biskup and T.~Illig and A.~Pfeufer and J.~Luedemann and S.~Schreiber and P.~Pramstaller and I.~Pichler and G.~Romeo and A.~Gaddi and A.~Testa and H.E.~Wichmann and A.~Metspalu and T.~Meitinger},
  title =        {Linkage disequilibrium patterns and tag{SNP} transferability among {European} populations},
  journal =      {American Journal of Human Genetics},
  year =         {2005},
  volume =       {76},
  number =       {3},
  pages =        {387--398},
}

@ARTICLE{MMH04,
  author =       {N.~Muller and L.~Magaia and B.~M.~Herbst},
  title =        {Singular Value Decomposition, Eigenfaces, and {3D} Reconstructions},
  journal =      {SIAM Review},
  year =         {2004},
  volume =       {46},
  number =       {3},
  pages =        {518--545}, 
}

@ARTICLE{MMRTS01,
  author =       {K.-R.~M\"{u}ller and S.~Mika and G.~R\"{a}tsch and K.~Tsuda and B.~Sch\"{o}lkopf},
  title =        {An Introduction to Kernel-Based Learning Algorithms},
  journal =      {IEEE Transactions on Neural Networks},
  year =         {2001},
  volume =       {12},
  number =       {2},
  pages =        {181--201}, 
}

@ARTICLE{MN95,
  author =       {H.~Murase and S.K.~Nayar},
  title =        {Visual learning and recognition of 3-d objects from appearance},
  journal =      {International Journal of Computer Vision},
  year =         {1995},
  volume =       {14},
  number =       {1},
  pages =        {5--24},
}

@ARTICLE{Nat95,
  author =       {B.K.~Natarajan},
  title =        {Sparse Approximate Solutions to Linear Systems},
  journal =      {SIAM Journal on Computing},
  year =         {1995},
  volume =       {24},
  number =       {2},
  pages =        {227--234},
}

@ARTICLE{Neu98,
  author =       {A.~Neumaier},
  title =        {Solving Ill-Conditioned And Singular Linear Systems: A Tutorial On Regularization},
  journal =      {SIAM Review},
  year =         {1998},
  volume =       {40},
  number =       {},
  pages =        {636--666}
}

@ARTICLE{New03,
  author =       {M.E.J.~Newman},
  title =        {The structure and function of complex networks},
  journal =      {SIAM Review},
  year =         {2003},
  volume =       {45},
  number =       {2},
  pages =        {167--256},
}

@ARTICLE{LancetCancer02,
  author =       {T.~Nielsen and R.B.~West and S.C.~Linn and O.~Alter and M.A.~Knowling and J.~O'Connell and S.~Zhu and M.~Fero and G.~Sherlock and J.R.~Pollack and P.O.~Brown and D.~Botstein and M.~van~de~Rijn},
  title =        {Molecular Characterisation of Soft Tissue Tumours: a Gene Expression Study},
  journal =      {Lancet},
  year =         {2002},
  volume =       {359},
  number =       {9314},
  pages =        {1301--1307},
}

@ARTICLE{Nov08,
  author =       {J.~Novembre and T.~Johnson and K.~Bryc and Z.~Kutalik and A.R.~Boyko and A.~Auton and A.~Indap and K.S.~King and S.~Bergmann and M.R.~Nelson and M.~Stephens and C.D.~Bustamante},
  title =        {Genes mirror geography within {E}urope},
  journal =      {Nature},
  year =         {2008},
  volume =       {456},
  number =       {},
  pages =        {98--101},
}

@ARTICLE{NS01,
  author =       {K.~Nowicki and T.A.B.~Snijders},
  title =        {Estimation and Prediction for Stochastic Blockstructures},
  journal =      {Journal of the American Statistical Association},
  year =         {2001},
  volume =       {96},
  number =       {455},
  pages =        {1077--1087},
}

@ARTICLE{Olken04,
  author =       {F.~Olken and D.~Rotem},
  title =        {Random sampling from databases: a survey},
  journal =      {Statistics and Computing},
  year =         {2004},
  volume =       {5},
  number =       {1},
  pages =        {25--42},
}

@ARTICLE{OSV79,
  author =       {D.~P.~O'Leary and G.~W.~Stewart and J.~S.~Vandergraft},
  title =        {Estimating the Largest Eigenvalue of a Positive Definite Matrix},
  journal =      {Mathematics of Computation}, 
  year =         {1979}, 
  volume =       {33},
  number =       {148},
  pages =        {1289--1292},
}

@ARTICLE{PS82,
  author =       {C.~C.~Paige and M.~A.~Saunders},
  title =        {Algorithm 583: {LSQR}: Sparse linear equations and least-squares problems},
  journal =      {ACM Transactions on Mathematical Software},
  year =         {1982},
  volume =       {8},
  number =       {2},
  pages =        {195--209}, 
}

@ARTICLE{PSS82,
  author =       {B.~N.~Parlett and H.~Simon and L.~M.~Stringer},
  title =        {On Estimating the Largest Eigenvalue with the {L}anczos Algorithm},
  journal =      {Mathematics of Computation},
  year =         {1982}, 
  volume =       {38},
  number =       {157},
  pages =        {153--165},
}

@ARTICLE{Papadakis03,
  author =       {A.~Papadakis and E.~Stathopoulos and G.~Delides and K.~Berberides and G.~Nikiforides and C.~Balas},
  title =        {A novel spectral microscope system: Application in quantitative pathology},
  journal =      {IEEE Transactions on Biomedical Engineering},
  year =         {2003},
  volume =       {50},
  number =       {},
  pages =        {207--217}
}

@ARTICLE{PRTV00,
  author =       {C.H.~Papadimitriou and P.~Raghavan and H.~Tamaki and S.~Vempala},
  title =        {Latent semantic indexing: a probabilistic analysis},
  journal =      {Journal of Computer and System Sciences},
  year =         {2000},
  volume =       {61},
  number =       {2},
  pages =        {217--235},
}

@ARTICLE{Pan00,
  author =       {C.-T.~Pan},
  title =        {On the existence and computation of rank-revealing {LU} factorizations},
  journal =      {Linear Algebra and Its Applications},
  year =         {2000},
  volume =       {316},
  number =       {},
  pages =        {199--222}
}

@ARTICLE{PT99,
  author =       {C.~T.~Pan and P.~T.~P.~Tang},
  title =        {Bounds on singular values revealed by {QR}~factorizations},
  journal =      {BIT Numerical Mathematics},
  year =         {1999},
  volume =       {39},
  number =       {},
  pages =        {740--756},
}

@ARTICLE{Par98,
  author =       {C.~A.~Parlour},
  title =        {Price dynamics in limit order markets},
  journal =      {Review of Financial Studies},
  year =         {1998},
  volume =       {11},
  number =       {4},
  pages =        {789--816},
}

@ARTICLE{PS03-liquidity,
  author =       {C.~A.~Parlour and D.~J.~Seppi},
  title =        {Liquidity-based competition for order flow},
  journal =      {Review of Financial Studies},
  year =         {2003},
  volume =       {16},
  number =       {2},
  pages =        {301--343},
}

@ARTICLE{PHL04,
  author =       {L.~Parsons and E.~Haque and H.~Liu},
  title =        {Subspace clustering for high dimensional data: a review},
  journal =      {ACM SIGKDD Explorations Newsletter},
  year =         {2004},
  volume =       {6},
  number =       {1},
  pages =        {90--105},
}

@ARTICLE{Paschou07a,
  author =       {P.~Paschou and M.~W.~Mahoney and A.~Javed and J.~R.~Kidd and A.~J.~Pakstis and S.~Gu and K.~K.~Kidd and P.~Drineas},
  title =        {Intra- and interpopulation genotype reconstruction from tagging {SNP}s}, 
  journal =      {Genome Research},
  year =         {2007},
  volume =       {17},
  number =       {1},
  pages =        {96--107},
}

@ARTICLE{Paschou07b,
  author =       {P.~Paschou and E.~Ziv and E.G.~Burchard and S.~Choudhry and W.~Rodriguez-Cintron and M.W.~Mahoney and P.~Drineas},
  title =        {{PCA}-Correlated {SNP}s for Structure Identification in Worldwide Human Populations}, 
  journal =      {PLoS Genetics},
  year =         {2007},
  volume =       {3},
  number =       {},
  pages =        {1672--1686},
}

@ARTICLE{Paschou08a,
  author =       {P.~Paschou and P.~Drineas and J.~Lewis and C.M.~Nievergelt and D.A.~Nickerson and J.D.~Smith and P.M.~Ridker and D.I.~Chasman and R.M.~Krauss and E.~Ziv},
  title =        {Tracing sub-structure in the {E}uropean {A}merican population with {PCA}-informative markers},
  journal =      {PLoS Genetics},
  year =         {2008},
  volume =       {4},
  number =       {7},
  pages =        {e1000114},
}

@ARTICLE{Paschou10a,
  author =       {P.~Drineas and J.~Lewis and P.~Paschou},
  title =        {Inferring Geographic Coordinates of Origin for {E}uropeans using Small Panels of Ancestry Informative Markers},
  journal =      {PLoS ONE},
  year =         {2010},
  volume =       {5},
  number =       {8},
  pages =        {e11892},
}

@ARTICLE{Paschou10b,
  author =       {P.~Paschou and J.~Lewis and A.~Javed and P.~Drineas},
  title =        {Ancestry informative markers for fine-scale individual assignment to worldwide populations},
  journal =      {Journal of Medical Genetics}, 
  year =         {2010},
  volume =       {},
  number =       {},
  pages =        {doi:10.1136/jmg.2010.078212},
}

@ARTICLE{Patil01,
  author =       {N.~Patil and A.J.~Berno and D.A.~Hinds and W.A.~Barrett and J.M.~Doshi and C.R.~Hacker and C.R.~Kautzer and D.H.~Lee and C.~Marjoribanks and D.P.~McDonough and B.T.~Nguyen and M.C.~Norris and J.B.~Sheehan and N.~Shen and D.~Stern and R.P.~Stokowski and D.J.~Thomas and M.O.~Trulson and K.R.~Vyas and K.A.~Frazer and S.P.~Fodor and D.R.~Cox},
  title =        {Blocks of limited haplotype diversity revealed by high-resolution scanning of human chromosome 21},
  journal =      {Science},
  year =         {2001},
  volume =       {294},
  number =       {},
  pages =        {1719--1723},
}

@article{Peng09,
  author =       {J.~Peng and P.~Wang and N.~Zhou and J.~Zhu},
  title =        {Partial Correlation Estimation by Joint Sparse Regression Models},
  journal =      {Journal of the American Statistical Association},
  year =         {2009},
  volume =       {104},
  number =       {},
  pages =        {735--746},
}

@ARTICLE{PS73,
  author =       {V.~Pereyra and G.~Scherer},
  title =        {Efficient Computer Manipulation of Tensor Products with Applications to Multidimensional Approximation},
  journal =      {Mathematics of Computation},
  year =         {1973},
  volume =       {27},
  number =       {123},
  pages =        {595--605},
}

@ARTICLE{Phillips03,
  author =       {M.S.~Phillips and R.~Lawrence and R.~Sachidanandam and A.P.~Morris and D.J.~Balding and M.A.~Donaldson and J.F.~Studebaker and W.M.~Ankener and S.V.~Alfisi and F.S.~Kuo and A.L.~Camisa and V.~Pazorov and K.E.~Scott and B.J.~Carey and J.~Faith and G.~Katari and H.A.~Bhatti and J.M.~Cyr and V.~Derohannessian and C.~Elosua and A.M.~Forman and N.M.~Grecco and C.R.~Hock and J.M.~Kuebler and J.A.~Lathrop and M.A.~Mockler and E.P.~Nachtman and S.L.~Restine and S.A.~Varde and M.J.~Hozza and C.A.~Gelfand and J.~Broxholme and G.R.~Abecasis and M.T.~Boyce-Jacino and L.R.~Cardon},
  title =        {Chromosome-wide distribution of haplotype blocks and the role of recombination hot spots},
  journal =      {Nature Genetics},
  year =         {2003},
  volume =       {33},
  number =       {},
  pages =        {382--387},
}

@ARTICLE{Pinc06,
  author =       {B.~Pincombe},
  title =        {Detecting changes in time series of network graphs using minimum mean squared error and cumulative summation},
  journal =      {ANZIAM Journal}, 
  year =         {2006},
  volume =       {48},
  number =       {},
  pages =        {C450--C473},
}

@ARTICLE{PWVPR0x,
  author =       {A.~Pizurica and A.M.~Wink and E.~Vansteenkiste and W.~Philips and J.B.T.M.~Roerdink},
  title =        {A review of wavelet denoising in {MRI} and ultrasound brain imaging},
  journal =      {Current Medical Imaging Reviews},
  year =         {(in press)},
  volume =       {},
  number =       {},
  pages =        {},
}

@ARTICLE{PR91,
  author =       {K.T.~Poole and H.~Rosenthal},
  title =        {Patterns of Congressional Voting},
  journal =      {American Journal of Political Science},
  year =         {1991},
  volume =       {35},
  number =       {},
  pages =        {228--278},
}

@ARTICLE{PPR06,
  author =       {N.~Patterson and A.L.~Price and D.~Reich},
  title =        {Population Structure and Eigenanalysis},
  journal =      {PLoS Genetics},
  year =         {2006},
  volume =       {2},
  number =       {12},
  pages =        {2074--2093},
}

@ARTICLE{PMNW05,
  author =       {M.A.~Porter and P.J.~Mucha and M.E.J.~Newman and C.M.~Warmbrand},
  title =        {A network analysis of committees in the {U.S.} {H}ouse of {R}epresentatives},
  journal =      {Proc. Natl. Acad. Sci. USA},
  year =         {2005},
  volume =       {102},
  number =       {20},
  pages =        {7057--7062},
}

@ARTICLE{PSWS03,
  author =       {J.~Portilla and V.~Strela and M.~Wainwright and E. Simoncelli},
  title =        {Image denoising using {G}aussian scale mixtures in the wavelet domain},
  journal =      {IEEE Transactions on Image Processing},
  year =         {2003},
  volume =       {12},
  number =       {11},
  pages =        {1338--1351},
}

@ARTICLE{Pritchard01,
  author =       {J.K.~Pritchard and M.~Przeworski},
  title =        {Linkage disequilibrium in humans: models and data},
  journal =      {American Journal of Human Genetics},
  year =         {2001},
  volume =       {69},
  number =       {1},
  pages =        {1--14},
}

@ARTICLE{Qua01,
  author =       {J.~Quackenbush},
  title =        {Computational analysis of microarray data},
  journal =      {Nature Review Genetics},
  year =         {2001},
  volume =       {2},
  number =       {},
  pages =        {418--427},
}

@ARTICLE{RamirezSoriano05,
  author =       {A.~Ramirez-Soriano and O.~Lao and M.~Soldevila and F.~Calafell and J.~Bertranpetit and D.~Comas},
  title =        {Haplotype tagging efficiency in worldwide populations in {CTLA4} gene},
  journal =      {Genes and Immunity},
  year =         {2005},
  volume =       {},
  number =       {},
  pages =        {1--12},
}

@article{britain,
  author = {C.~Ratti and S.~Sobolevsky and F.~Calabrese and C.~Andris and J.~Reades and M.~Martino and R.~Claxton and S.H.~Strogatz},
  title = {Redrawing the Map of {G}reat {B}ritain from a Network of Human Interactions},
  journal = {PLoS ONE},
  year = {2010},
  volume = {5},
  number = {12},
  pages = {e14248},
}

@ARTICLE{eigenplaces,
 author =       {J.~Reades and F.~Calabrese and C.~Ratti},
 title =        {Eigenplaces: analyzing cities using the space-time structure of the mobile phone network},
 journal =      {Environment and Planning B},
 year =         {2009},
 volume =       {36},
 number =       {5},
 pages =        {824--836},
}

@ARTICLE{Reich01,
  author =       {D.E.~Reich and M.~Cargill and S.~Bolk and J.~Ireland and P.C.~Sabeti and D.J.~Richter and T.~Lavery and R.~Kouyoumjian and S.F.~Farhadian and R.~Ward and E.S.~Lander},
  title =        {Linkage disequilibrium in the human genome},
  journal =      {Nature},
  year =         {2001},
  volume =       {411},
  number =       {},
  pages =        {199--204},
}

@ARTICLE{Reich03,
  author =       {D.E.~Reich and S.B.~Gabriel and D.~Altshuler},
  title =        {Quality and completeness of {SNP} databases},
  journal =      {Nature Genetics},
  year =         {2003},
  volume =       {33},
  number =       {},
  pages =        {457--458},
}

@ARTICLE{Ren94,
  author =       {J.~Renegar},
  title =        {Some perturbation theory for linear programming},
  journal =      {Mathematical Programming},
  year =         {1994},
  volume =       {65},
  number =       {},
  pages =        {73--91},
}

@ARTICLE{Ren95,
  author =       {J.~Renegar},
  title =        {Incorporating Condition Measures Into The Complexity Theory Of Linear Programming},
  journal =      {SIAM Journal on Optimization},
  year =         {1995},
  volume =       {5},
  number =       {3},
  pages =        {506--524},
}

@ARTICLE{RB88,
   author  = {G.~J.~Rodgers and A.~J.~Bray},
   title   = {Density of states of a sparse random matrix},
   journal = {Physical Review B},
   year    = {1988},
   volume  = {37}, 
   number  = {7},
   pages   = {3557--3562},
}

@ARTICLE{RT08,
  author =       {V.~Rokhlin and M.~Tygert},
  title =        {A fast randomized algorithm for overdetermined linear least-squares regression},
  journal =      {Proc. Natl. Acad. Sci. USA},
  year =         {2008},
  volume =       {105},
  number =       {36},
  pages =        {13212--13217},
}

@ARTICLE{RST09,
  author =       {V.~Rokhlin and A.~Szlam and M.~Tygert},
  title =        {A randomized algorithm for principal component analysis},
  journal =      {SIAM Journal on Matrix Analysis and Applications},
  year =         {2009},
  volume =       {31},
  number =       {3},
  pages =        {1100--1124},
}

@ARTICLE{Rosenberg02,
  author =       {N.A.~Rosenberg and J.K.~Pritchard and J.L.~Weber and H.M.~Cann and K.K.~Kidd and L.A.~Zhivotovsky and M.W.~Feldman},
  title =        {Genetic structure of human populations},
  journal =      {Science},
  year =         {2002},
  volume =       {298},
  number =       {},
  pages =        {2381--2385},
}

@ARTICLE{Ros09,
  author =       {I.~Ro\c{s}u},
  title =        {A dynamic model of the limit order book},
  journal =      {Review of Financial Studies},
  year =         {2009},
  volume =       {22},
  number =       {},
  pages =        {4601--4641},
}

@ARTICLE{Rothman98,
  author =       {C.~Rothman and I.~Bar-Am and Z.~Malik},
  title =        {Spectral imaging for quantitative histology and cytogenetics},
  journal =      {Histology and Histopathology},
  year =         {1998},
  volume =       {13},
  number =       {},
  pages =        {921--926}
};

@ARTICLE{RS00,
  author =       {S.T.~Roweis and L.K.~Saul},
  title =        {Nonlinear dimensionality reduction by local linear embedding},
  journal =      {Science},
  year =         {2000},
  volume =       {290},
  number =       {},
  pages =        {2323--2326},
}

@ARTICLE{VR97,
  author =       {P. Resnick and H.R. Varian},
  title =        {Recommender systems},
  journal =      {Communications of the {ACM}},
  year =         {1997},
  volume =       {40},
  number =       {3},
  pages =        {56--58},
}

@article{tripart,
  author =       {T.~Richardson and P.J.~Mucha and M.A.~Porter},
  title =        {Spectral tripartitioning of networks},
  journal =      {Physical Review E},
  year =         {2009},
  volume =       {80},
  number =       {},
  pages =        {036111},
}

@ARTICLE{Ros94,
  author =       {J.S.~Rosenthal},
  title =        {Convergence rates for {Markov} chains},
  journal =      {SIAM Review},
  year =         {1995},
  volume =       {37},
  number =       {},
  pages =        {387--405},
}

@ARTICLE{Rud99,
  author =       {M.~Rudelson},
  title =        {Random vectors in the isotropic position},  
  journal =      {Journal of Functional Analysis},
  year =         {1999},
  volume =       {164},
  number =       {1},
  pages =        {60--72},
}

@ARTICLE{Rud99b,
  author =       {M.~Rudelson},
  title =        {Almost orthogonal submatrices of an orthogonal matrix},
  journal =      {Israel Journal of Mathematics},
  year =         {1999},
  volume =       {111},
  number =       {1},
  pages =        {143--155},
}

@ARTICLE{RV07,
  author =       {M.~Rudelson and R.~Vershynin}, 
  title =        {Sampling from large matrices: an approach through geometric functional analysis},
  journal =      {Journal of the ACM},
  year =         {2007},
  volume =       {54},
  number =       {4},
  pages =        {Article 21},
}

@ARTICLE{RV08_JRNL,
  author =       {M.~Rudelson and R.~Vershynin}, 
  title =        {On sparse reconstruction from {F}ourier and {G}aussian measurements}, 
  journal =      {Communications on Pure and Applied Mathematics},
  year =         {2008}, 
  volume =       {61},
  number =       {},
  pages =        {1025--1045},
}

@ARTICLE{SCS10,
  author =       {Y.~Saad and J.R.~Chelikowsky and S.M.~Shontz}, 
  title =        {Numerical Methods for Electronic Structure Calculations of Materials},
  journal =      {SIAM Review},
  year =         {2010},
  volume =       {52},
  number =       {1},
  pages =        {3--54},
}

@ARTICLE{SV00,
  author =       {Y.~Saad and H.~A.~van~der~Vorst},
  title =        {Iterative solution of linear systems in the 20th century},
  journal =      {Journal of Computational and Applied Mathematics},
  year =         {2000},
  volume =       {123},
  number =       {1-2}, 
  pages =        {1--33},
}

@ARTICLE{SC95,
  author =       {N.~Saito and R.R.~Coifman},
  title =        {Local discriminant bases and their applications},
  journal =      {Journal of Mathematical Imaging and Vision},
  year =         {1995},
  volume =       {5},
  number =       {},
  pages =        {337--358}
};

@ARTICLE{SCGW02,
  author =       {N.~Saito and R.R.~Coifman and F.B.~Geshwind and F.~Warner},
  title =        {Discriminant feature extraction using empirical probability density estimation and a local basis library},
  journal =      {Pattern Recognition},
  year =         {2002},
  volume =       {35},
  number =       {},
  pages =        {2841--2852}
}

@article{Sar03,
  author =       {P.~Sarnak},
  title =        {Spectra of hyperbolic surfaces},
  journal =      {Bulletin of the American Mathematical Society},
  year =         {2003},
  volume =       {40},
  number =       {},
  pages =        {441--478},
}

@ARTICLE{SR03,
  author =       {L.K.~Saul and S.T.~Roweis},
  title =        {Think globally, fit locally: unsupervised learning of low dimensional manifolds},
  journal =      {Journal of Machine Learning Research},
  year =         {2003},
  volume =       {4},
  number =       {},
  pages =        {119--155},
}

@ARTICLE{Sawyer05,
  author =       {S.L.~Sawyer and N.~Mukherjee and A.J.~Pakstis and L.~Feuk and J.R.~Kidd and A.J.~Brookes and K.K.~Kidd},
  title =        {Linkage disequilibrium patterns vary substantially among populations},
  journal =      {European Journal of Human Genetics},
  year =         {2005},
  volume =       {13},
  number =       {},
  pages =        {677--686},
}

@ARTICLE{schechtman,
  author =       {G.~Schechtman},
  title =        {More on embedding subspaces of {$L_p$} in {$\ell_r^n$}},
  journal =      {Compositio Mathematica},
  year =         {1987},
  volume =       {61},
  number =       {2},
  pages =        {159--169},
}

@ARTICLE{Zavitch,
  author =       {G.~Schechtman and A.~Zvavitch},
  title =        {Embedding subspaces of {$L_p$} into {$\ell^N_p$}, $0 < p < 1$},
  journal =      {Mathematische Nachrichten},
  year =         {2001},
  volume =       {227},
  number =       {},
  pages =        {133--142}, 
}

@article{Sch09,
  author =       {J.~Schenker},
  title =        {Eigenvector localization for random band matrices with power law band width},
  journal =      {Communications in Mathematical Physics},
  year =         {2009},
  volume =       {290}, 
  number =       {3},
  pages =        {1065--1097},
}

@ARTICLE{SSM98,
  author =       {B. Sch\"{o}lkopf and A. Smola and K.-R. M\"{u}ller},
  title =        {Nonlinear Component Analysis as a Kernel Eigenvalue Problem},
  journal =      {Neural Computation},
  year =         {1998},
  volume =       {10},
  number =       {},
  pages =        {1299--1319},
}

@ARTICLE{SD01,
  author =       {A.~Schulze and J.~Downward},
  title =        {Navigating gene expression using microarrays--a technology review},
  journal =      {Nature Cell Biology},
  year =         {2001},
  volume =       {3},
  number =       {},
  pages =        {E190-E195},
}

@ARTICLE{Schwartz03,
  author =       {R.~Schwartz and B.V.~Halldorsson and V.~Bafna and A.G.~Clark and S.~Istrail},
  title =        {Robustness of inference of haplotype block structure},
  journal =      {Journal of Computational Biology},
  year =         {2003},
  volume =       {10},
  number =       {1},
  pages =        {13--19},
}

@ARTICLE{Seb02,
  author =       {F.~Sebastiani},
  title =        {Machine learning in automated text categorization},
  journal =      {ACM Computing Surveys},
  year =         {2002},
  volume =       {34},
  number =       {1},
  pages =        {1--47},
}

@ARTICLE{Sebastiani03,
  author =       {P.~Sebastiani and R.~Lazarus and S.T.~Weiss and L.M.~Kunkel and I.S.~Kohane and M.F.~Ramoni},
  title =        {Minimal haplotype tagging},
  journal =      {Proc. Natl. Acad. Sci. USA},
  year =         {2003},
  volume =       {100},
  number =       {17},
  pages =        {9900--9905},
}

@article{SZ10,
  author =       {D.~L.~Shepelyansky and O.~V.~Zhirov},
  title =        {{G}oogle matrix, dynamical attractors, and {U}lam networks},
  journal =      {Physical Review E},
  year =         {2010},
  volume =       {81},
  number =       {},
  pages =        {036213},
}

@ARTICLE{SY05,
  author =       {T.~Shi and B.~Yu},
  title =        {Binning in {G}aussian Kernel Regularization},
  journal =      {Statistica Sinica},
  year =         {2005},
  volume =       {16},
  number =       {},
  pages =        {541--567},
}

@ARTICLE{Sim03,
  author =       {K.~Simek},
  title =        {Properties of a singular value decomposition based dynamical model of gene expression data},
  journal =      {Int. J. Appl. Math. Comput. Sci.},
  year =         {2003},
  volume =       {13},
  number =       {3},
  pages =        {337--345},
}

@ARTICLE{Sir03,
  author =       {L.~Sirovich},
  title =        {A pattern analysis of the second {R}ehnquist {U.S.} {S}upreme {C}ourt},
  journal =      {Proc. Natl. Acad. Sci. USA},
  year =         {2003},
  volume =       {100},
  number =       {13},
  pages =        {7432--7437},
}

@ARTICLE{Smy00,
  author =       {P.~Smyth},
  title =        {Data mining: data analysis on a grand scale?},
  journal =      {Statistical Methods in Medical Research},
  year =         {2000},
  volume =       {9},
  number =       {4},
  pages =        {309--327},
}

@ARTICLE{Sor92,
  author =       {D. Sorensen},
  title =        {Implicit Application of Polynomial Filters in a $k$-step {Arnoldi} Method},
  journal =      {SIAM Journal on Matrix Analysis and Applications},
  year =         {1992},
  volume =       {13},
  number =       {1},
  pages =        {357--385},
}


@ARTICLE{Spellman_cellcycle_98,
  author =       {P.T.~Spellman and G.~Sherlock and M.Q.~Zhang and V.R.~Iyer and K. Anders and M.B.~Eisen and P.O.~Brown and D.~Botstein and D.~Futcher},
  title =        {Comprehensive identification of cell cycle-regulated genes of the yeast {S}accharomyces cerevisiae by microarray hybridization},
  journal =      {Molecular Biology of the Cell},
  year =         {1998},
  volume =       {9},
  number =       {},
  pages =        {3273--3297},
}

@ARTICLE{SCD02,
  author =       {J.L.~Starck and E.~Candes and D.L.~Donoho},
  title =        {The Curvelet Transform for Image Denoising},
  journal =      {IEEE Transactions on Image Processing},
  year =         {2002},
  volume =       {11},
  number =       {6},
  pages =        {670--684},
}

@article{Str99,
  author =       {R.~S.~Strichartz},
  title =        {Analysis on fractals},
  journal =      {Notices of the AMS},
  year =         {1999},
  volume =       {46},
  number =       {10},
  pages =        {1199--1208},
}

@ARTICLE{Ste73,
  author =       {G.W.~Stewart},
  title =        {Error and perturbation bounds for subspaces associated with certain eigenvalue problems},
  journal =      {SIAM Review},
  year =         {1973},
  volume =       {15},
  number =       {},
  pages =        {727--764},
}

@ARTICLE{Ste77,
  author =       {G.W.~Stewart},
  title =        {On the Perturbation of Pseudo-Inverses, Projections and Linear Least Squares Problems},
  journal =      {SIAM Review},
  year =         {1977},
  volume =       {19},
  number =       {},
  pages =        {634--662},
}

@ARTICLE{Ste90,
  author =       {G.W.~Stewart},
  title =        {Stochastic perturbation theory},
  journal =      {SIAM Review},
  year =         {1990},
  volume =       {32},
  number =       {4},
  pages =        {579--610},
}

@ARTICLE{Ste93,
  author =       {G.W.~Stewart},
  title =        {On the Early History of the {S}ingular {V}alue {D}ecomposition},
  journal =      {SIAM Review},
  year =         {1993},
  volume =       {35},
  number =       {4},
  pages =        {551--566},
}

@ARTICLE{Ste99,
  author =       {G.W.~Stewart},
  title =        {Four algorithms for the efficient computation of truncated {QR} approximations to a sparse matrix},
  journal =      {Numerische Mathematik},
  year =         {1999},
  volume =       {83},
  number =       {},
  pages =        {313--323},
}

@ARTICLE{SDDO03,
  author =       {H.~Stoppiglia and G.~Dreyfus and R.~Dubois and Y.~Oussar},
  title =        {Ranking a random feature for variable and feature selection},
  journal =      {Journal of Machine Learning Research},
  year =         {2003},
  volume =       {3},
  number =       {},
  pages =        {1399--1414},
}

@ARTICLE{Stram04,
  author =       {D.O.~Stram},
  title =        {Tag {SNP} selection for association studies},
  journal =      {Genet Epidemiology},
  year =         {2004},
  volume =       {27},
  number =       {4},
  pages =        {365--374},
}

@ARTICLE{Str68,
  author =       {V.~Strassen},
  title =        {Gaussian elimination is not optimal},
  journal =      {Numerische Mathematik},
  year =         {1969},
  volume =       {14},
  number =       {3},
  pages =        {354--356},
}

@ARTICLE{Stumpf03,
  author =       {M.P Stumpf and D.B.  Goldstein},
  title =        {Demography, recombination hotspot intensity, and the block structure of linkage disequilibrium},
  journal =      {Current Biology},
  year =         {2003},
  volume =       {13},
  number =       {},
  pages =        {1--8},
}

@article{Subramanian05,
  author =       {A.~Subramanian and P.~Tamayo and V.~K.~Mootha and S.~Mukherjee and B.~L.~Ebert and M.~A.~Gillette and A.~Paulovich and S.~L.~Pomeroy and T.~R.~Golub and E.~S.~Lander and J.~P.~Mesirov},
  title =        {Gene set enrichment analysis: A knowledge-based approach for interpreting genome-wide expression profiles},
  journal =      {Proc. Natl. Acad. Sci. USA},
  year =         {2005},
  volume =       {102},
  number =       {43},
  pages =        {15545--15550},
}

@ARTICLE{SV99,
  author =       {J.A.K.~Suykens and J.~Vandewalle},
  title =        {Least Squares Support Vector Machine Classifiers},
  journal =      {Neural Processing Letters},
  year =         {1999},
  volume =       {9},
  number =       {3},
  pages =        {293--300},
}

@ARTICLE{talagrand90,
  author =       {M.~Talagrand},
  title =        {Embedding subspaces of {$L_1$} into {$\ell^N_1$}},
  journal =      {Proceedings of the American Mathematical Society},
  year =         {1990},
  volume =       {108},
  number =       {2},
  pages =        {363--369}, 
}

@ARTICLE{talagrand95,
  author =       {M.~Talagrand},
  title =        {Embedding subspaces of {$L_p$} into {$\ell^N_p$}},
  year =         {Oper. Theory Adv. Appl.},
  journal =      {1995},
  volume =       {77},
  number =       {},
  pages =        {311--325}, 
}

@ARTICLE{TSKS04,
  author =       {A.~Tanay and R.~Sharan and M.~Kupiec and R.~Shamir},
  title =        {Revealing modularity and organization in the yeast molecular network by integrated analysis of highly heterogeneous genomewide data},
  journal =      {Proc. Natl. Acad. Sci. USA},
  year =         {2004},
  volume =       {101},
  number =       {9},
  pages =        {2981--2986},
}

@ARTICLE{ATaylor,
  author =       {A.~Taylor},
  title =        {A geometric theorem and its application to biorthogonal systems},
  journal =      {Bulletin of the American Mathematical Society},
  year =         {1947},
  volume =       {53},
  number =       {},
  pages =        {614--616},
}

@ARTICLE{Tem03,
  author =       {V.N.~Temlyakov}, 
  title =        {Nonlinear methods of approximation}, 
  journal =      {Foundations of Computational Mathematics},
  year =         {2003},
  volume =       {3},
  number =       {}, 
  pages =        {33--107},
}

@ARTICLE{TSL00,
  author =       {J.B.~Tenenbaum and V.~de~Silva and J.C.~Langford},
  title =        {A global geometric framework for nonlinear dimensionality reduction},
  journal =      {Science},
  year =         {2000},
  volume =       {290},
  number =       {},
  pages =        {2319--2323},
}

@ARTICLE{Tib96,
  author =       {R.~Tibshirani},
  title =        {Regression shrinkage and selection via the lasso},
  journal =      {Journal of the Royal Statistical Society: Series {B}},
  year =         {1996},
  volume =       {58},
  number =       {1},
  pages =        {267--288},
}

@ARTICLE{Toronen_SOM_99,
  author =       {P.~T\"{o}r\"{o}nen and M.~Kolehmainen and G.~Wong and E.~Castr\'{e}n},
  title =        {Analysis of gene expression data using self-organizing maps},
  journal =      {{FEBS} Letters},
  year =         {1999},
  volume =       {451},
  number =       {},
  pages =        {142--146},
}

@ARTICLE{Tro04b,
  author =       {J.A.~Tropp},
  title =        {Greed is good: Algorithmic results for sparse approximation},
  journal =      {IEEE Transactions on Information Theory},
  year =         {2004},
  volume =       {50},
  number =       {10},
  pages =        {2231--2242},
}

@ARTICLE{Tro06a,
  author =       {J.A.~Tropp},
  title =        {Just relax: Convex programming methods for identifying sparse signals in noise},
  journal =      {IEEE Transactions on Information Theory},
  year =         {2006},
  volume =       {51},
  number =       {3},
  pages =        {1030--1051},
}

@ARTICLE{Tro08a,
  author =       {J.A.~Tropp},
  title =        {On the conditioning of random subdictionaries},
  journal =      {Applied and Computational Harmonic Analysis},
  year =         {2008},
  volume =       {25}, 
  number =       {},
  pages =        {1--24}, 
}

@ARTICLE{TCSBHTBA01,
  author =       {O.~Troyanskaya and M.~Cantor and G.~Sherlock and P.~Brown and T.~Hastie and R.~Tibshirani and D.~Botstein and R.B.~Altman},
  title =        {Missing value estimation methods for {DNA} microarrays},
  journal =      {Bioinformatics},
  year =         {2001},
  volume =       {17},
  number =       {6},
  pages =        {520--525},
}

@ARTICLE{TRW05_JRNL,
  author =       {K.~Tsuda and G.~R\"{a}sch and M.K.~Warmuth},
  title =        {Matrix Exponentiated Gradient Updates for On-line Learning and {B}regman Projection},
  journal =      {Journal of Machine Learning Research},
  year =         {2005},
  volume =       {6},
  number =       {},
  pages =        {995--1018},
}

@ARTICLE{Tuc66,
  author =       {L.R.~Tucker},
  title =        {Some mathematical notes on three-mode factor analysis},
  journal =      {Psychometrika},
  year =         {1966},
  volume =       {31},
  number =       {3},
  pages =        {279--311},
}

@ARTICLE{TP91,
  author =       {M.~Turk and A.~Pentland},
  title =        {Eigenfaces for recognition},
  journal =      {Journal of Cognitive Neuroscience},
  year =         {1991},
  volume =       {3},
  number =       {1},
  pages =        {71--96},
}

@ARTICLE{Tuk62,
  author =       {J.~W.~Tukey},
  title =        {The future of data analysis},
  journal =      {Annals of Mathematical Statistics},
  year =         {1962}, 
  volume =       {33},
  number =       {1},
  pages =        {1-–67},
}

@ARTICLE{Tyr04,
  author =       {E.~Tyrtyshnikov},
  title =        {{K}ronecker-product approximations for some function-related matrices},
  journal =      {Linear Algebra and Its Applications},
  year =         {2004},
  volume =       {379},
  number =       {},
  pages =        {423--437},
}

@ARTICLE{Tyr04b,
  author =       {E.~Tyrtyshnikov},
  title =        {Incomplete Cross Approximation in the Mosaic-Skeleton Method},
  journal =      {Computing},
  year =         {2000},
  volume =       {64},
  number =       {},
  pages =        {367--380},
}

@ARTICLE{UIO04,
  author =       {A.~Utsugi and K.~Ino and M.~Oshikawa},
  title =        {Random matrix theory analysis of cross correlations in financial markets},
  journal =      {Physical Review E},
  year =         {2004},
  volume =       {70},
  number =       {2},
  pages =        {026110},
}

@ARTICLE{Val84,
  author =       {L.G. Valiant},
  title =        {A theory of the learnable},
  journal =      {Communications of the {ACM}},
  year =         {1984},
  volume =       {27},
  number =       {11},
  pages =        {1134-1142},
}

@ARTICLE{VL76,
  author =       {C.F.~Van~Loan},
  title =        {Generalizing the Singular Value Decomposition},
  journal =      {SIAM Journal on Numerical Analysis},
  year =         {1976},
  volume =       {13},
  number =       {1},
  pages =        {76--83},
}

@ARTICLE{VL00,
  author =       {C.F.~Van~Loan},
  title =        {The ubiquitous {K}ronecker product},
  journal =      {Journal of Computational and Applied Mathematics},
  year =         {2000},
  volume =       {123},
  number =       {},
  pages =        {85--100},
}

@ARTICLE{Vari99,
  author =       {S.G.~Vari and G.~Muller and J.M.~Lerner and R.D.~Naber},
  title =        {Telepathology and imaging spectroscopy as a new modality in histopathology},
  journal =      {Stud Health Technol Inform},
  year =         {1999},
  volume =       {68},
  number =       {},
  pages =        {211--216}
};

@ARTICLE{VW81,
  author =       {P.F.~Velleman and R.E.~Welsch},
  title =        {Efficient Computing of Regression Diagnostics},
  journal =      {The American Statistician},
  year =         {1981},
  volume =       {35},
  number =       {4},
  pages =        {234--242},
}

@ARTICLE{VO04,
  author =       {L.A.~Vese and S.J.~Osher},
  title =        {Image Denoising and Decomposition with Total Variation Minimization and Oscillatory Functions},
  journal =      {Journal of Mathematical Imaging and Vision},
  year =         {2004},
  volume =       {20},
  number =       {},
  pages =        {7--18},
}

@ARTICLE{V85,
  author =       {J.S.~Vitter},
  title =        {Random sampling with a reservoir},
  journal =      {ACM Trans. Math. Softw.},
  year =         {1985},
  volume =       {11},
  number =       {1},
  pages =        {37--57},
}

@ARTICLE{V01,
  author =       {J.S.~Vitter},
  title =        {External memory algorithms and data structures: dealing with massive data},
  journal =      {ACM Computing Surveys},
  year =         {2001},
  volume =       {33},
  number =       {2},
  pages =        {209--271},
}

@ARTICLE{Vu07,
  author =       {V.~H.~Vu},
  title =        {Spectral norm of random matrices},
  journal =      {Combinatorica},
  year =         {2007},
  volume =       {27},
  number =       {6},
  pages =        {721--736},
}

@ARTICLE{Wall03a,
  author =       {J.D.~Wall and J.K.~Pritchard},
  title =        {Haplotype blocks and linkage disequilibrium in the human genome},
  journal =      {Nature Reviews Genetics},
  year =         {2003},
  volume =       {4},
  number =       {8},
  pages =        {587--597},
}

@ARTICLE{Wall03b,
  author =       {J.D.~Wall and J.K.~Pritchard},
  title =        {Assessing the performance of the haplotype block model of linkage disequilibrium},
  journal =      {American Journal of Human Genetics},
  year =         {2003},
  volume =       {73},
  number =       {3},
  pages =        {502--515},
}

@ARTICLE{Wang02,
  author =       {N.~Wang and J.M.~Akey and K.~Zhang and R.~Chakraborty and L.~Jin},
  title =        {Distribution of recombination crossovers and the origin of haplotype blocks: the interplay of population history, recombination, and mutation},
  journal =      {American Journal of Human Genetics},
  year =         {2002},
  volume =       {71},
  number =       {5},
  pages =        {1227--1234},
}

@ARTICLE{Wat00,
  author =       {D.~S.~Watkins},
  title =        {{QR}-like algorithms for eigenvalue problems},
  journal =      {Journal of Computational and Applied Mathematics},
  year =         {2000},
  volume =       {123},
  number =       {1-2},
  pages =        {67--83},
}

@ARTICLE{Way09,
  author =       {M.~J.~Way and L.~V.~Foster and P.~R.~Gazis and A.~N.~Srivastava},
  title =        {New Approaches To Photometric Redshift Prediction Via {G}aussian Process Regression In The {S}loan {D}igital {S}ky {S}urvey},
  journal =      {The Astrophysical Journal},
  year =         {2009}, 
  volume =       {706},
  number =       {1},
  pages =        {623--636},
}

@ARTICLE{Weale03,
  author =       {M.E.~Weale and C.~Depondt and S.J.~Macdonald and A.~Smith and P.S.~Lai and S.D.~Shorvon and N.W.~Wood and D.B.~Goldstein},
  title =        {Selection and evaluation of tagging {SNP}s in the neuronal-sodium-channel gene {SCN1A}: implications for linkage-disequilibrium gene mapping},
  journal =      {American Journal of Human Genetics},
  year =         {2003},
  volume =       {73},
  number =       {3},
  pages =        {551--565},
}

@ARTICLE{Wed72,
  author =       {P. A. Wedin},
  title =        {Perturbation bounds in connection with singular value decomposition},
  journal =      {BIT},
  year =         {1972},
  volume =       {12},
  number =       {},
  pages =        {99--111},
}

@ARTICLE{WTC07,
  author =       {The Wellcome Trust Case Control Consortium}, 
  title =        {Genome-wide association study of 14,000 cases of seven common diseases and 3,000 shared controls},
  journal =      {Nature},
  year =         {2007},
  volume =       {447},
  number =       {},
  pages =        {661--678},
}

@ARTICLE{Wig58,
  author =       {E.P.~Wigner},
  title =        {On the distribution of the roots of certain symmetric matrices},
  journal =      {Annals of Mathematics},
  year =         {1958},
  volume =       {67},
  number =       {2},
  pages =        {325--327},
}

@article{WZ08,
  author =       {R.~C.~Wilson and P.~Zhu},
  title =        {A study of graph spectra for comparing graphs and trees},
  journal =      {Pattern Recognition},
  year =         {2008}, 
  volume =       {41},
  number =       {9},
  pages =        {2833--2841},
}

@ARTICLE{WR04,
  author =       {A.M.~Wink and J.B.T.M.~Roerdink},
  title =        {Denoising functional {MR} images: a comparison of wavelet denoising and {G}aussian smoothing},
  journal =      {IEEE Transactions on Medical Imaging},
  year =         {2004},
  volume =       {23},
  number =       {3},
  pages =        {374--387},
}

@ARTICLE{Witten,
  author =       {D.~M.~Witten and R.~Tibshirani and T.~Hastie},
  title =        {A penalized matrix decomposition, with applications to sparse principal components and canonical correlation analysis},
  journal =      {Biostatistics},  
  year =         {2009},
  volume =       {10},
  number =       {3},
  pages =        {515--534},
}

@ARTICLE{WBB76,
  author =       {H.~White and S.~Boorman and R.~Breiger},
  title =        {Social Structure from Multiple Networks: I Blockmodels of Roles and Positions}, 
  journal =      {American Journal of Sociology},
  year =         {1976},
  volume =       {81},
  number =       {},
  pages =        {730--800},
}

@ARTICLE{WS05,
  author =       {L.~Wolf and A.~Shashua},
  title =        {Feature selection for unsupervised and supervised inference: The emergence of sparsity in a weight-based approach},
  journal =      {Journal of Machine Learning Research},
  year =         {2005},
  volume =       {6},
  number =       {},
  pages =        {1855--1887},
}

@ARTICLE{WLRT08,
  author =       {F.~Woolfe and E.~Liberty and V.~Rokhlin and M.~Tygert},
  title =        {A fast randomized algorithm for the approximation of matrices},
  journal =      {Applied and Computational Harmonic Analysis},
  year =         {2008},
  volume =       {25},
  number =       {3},
  pages =        {335--366},
}

@ARTICLE{XB99,
  author =       {H.~Xu and B.J.~Berne},
  title =        {Multicanonical jump walking: A method for efficiently sampling rough energy landscapes},
  journal =      {Journal of Chemical Physics},
  year =         {1999},
  volume =       {110},
  number =       {},
  pages =        {10299--10306},
}

@ARTICLE{YR01,
  author =       {K.Y.~Yeung and W.L.~Ruzzo},
  title =        {Principal component analysis for clustering gene expression data},
  journal =      {Bioinformatics},
  year =         {2001},
  volume =       {17},
  number =       {9},
  pages =        {763--774},
}

@ARTICLE{YTC02,
  author =       {M.K.~Stephen~Yeung and J.~Tegn\'{e}r and J.J.~Collins},
  title =        {Reverse engineering gene networks using singular value decomposition and robust regression},
  journal =      {Proc. Natl. Acad. Sci. USA},
  year =         {2002},
  volume =       {99},
  number =       {9},
  pages =        {6163--6168},
}

@ARTICLE{YCSetc04,
   author  = {C.~W.~Yip and A.~J.~Connolly and A.~S.~Szalay and T.~Budav\'{a}ri and M.~SubbaRao and J.~A.~Frieman and R.~C.~Nichol and A.~M.~Hopkins and D.~G.~York and S.~Okamura and J.~Brinkmann and I.~Csabai and A.~R.~Thakar and M.~Fukugita and Z.~Ivezi\'{c}},
   title   = {Distributions of Galaxy Spectral Types in the {S}loan {D}igital {S}ky {S}urvey},
   journal = {The Astronomical Journal},
   year    = {2004},
   volume  = {128},
   number  = {2},
   pages   = {585--609},
}

@ARTICLE{YCVetc04,
   author  = {C.~W.~Yip and A.~J.~Connolly and D.~E.~Vanden~Berk and Z.~Ma and J.~A.~Frieman and M.~SubbaRao and A.~S.~Szalay and G.~T.~Richards and P.~B.~Hall and D.~P.~Schneider and A.~M.~Hopkins and J.~Trump and J.~Brinkmann},
   title   = {Spectral Classification of Quasars in the {S}loan {D}igital {S}ky {S}urvey: Eigenspectra, Redshift, and Luminosity Effects},
   journal = {The Astronomical Journal},
   year    = {2004},
   volume  = {128},
   number  = {6},
   pages   = {2603--2630},
}

@ARTICLE{yu07embracing,
   author  = {B.~Yu},
   title   = {Embracing Statistical Challenges in the Information Technology Age},
   journal = {Technometrics},
   year    = {2007},
   volume  = {49},
   number  = {3},
   pages   = {237--248},
}

@ARTICLE{Grouplasso,
   author  = {M.~Yuan and Y.~Lin},
   title   = {Model selection and estimation in regression with grouped variables},
   journal = {Journal of the Royal Statistical Society: Series {B}},
   year    = {2006},
   volume  = {68},
   number  = {1},
   pages   = {49--67},
}

@ARTICLE{ZK10,
  author =       {K.~Zhang and J.T.~Kwok}, 
  title =        {Clustered {N}ystr\"{o}m Method for Large Scale Manifold Learning and Dimension Reduction},
  journal =      {IEEE Transactions on Neural Networks}, 
  year =         {2010},
  volume =       {21}, 
  number =       {10},
  pages =        {1576--1587}, 
}

@ARTICLE{ZG01,
  author =       {T.~Zhang and G.H.~Golub},
  title =        {Rank-One Approximation to High Order Tensors},
  journal =      {SIAM Journal on Matrix Analysis and Applications},
  year =         {2001},
  volume =       {23},
  number =       {2},
  pages =        {534--550},
}

@ARTICLE{Zhang02,
  author =       {K.~Zhang and M.~Deng and T.~Chen and M.S.~Waterman and F.~Sun},
  title =        {A dynamic programming algorithm for haplotype block partitioning},
  journal =      {Proc. Natl. Acad. Sci. USA},
  year =         {2002},
  volume =       {99},
  number =       {11},
  pages =        {7335--7339},
}

@ARTICLE{Zhang03,
  author =       {K.~Zhang and F.~Sun and M.S.~Waterman and T.~Chen},
  title =        {Haplotype block partition with limited resources and applications to human chromosome 21 haplotype data},
  journal =      {American Journal of Human Genetics},
  year =         {2003},
  volume =       {73},
  number =       {},
  pages =        {63--73},
}

@ARTICLE{Zhang04,
  author =       {K.~Zhang and Z.S.~Qin and J.S.~Liu and T.~Chen and M.S.~Waterman and F.~Sun},
  title =        {Haplotype block partitioning and tag {SNP} selection using genotype data and their applications to association studies},
  journal =      {Genome Research},
  year =         {2004},
  volume =       {14},
  number =       {5},
  pages =        {908--916},
}

@ARTICLE{ZO01,
  author =       {T.~Zhang and F.J.~Oles},
  title =        {Text Categorization Based on Regularized Linear Classification Methods},
  journal =      {Information Retrieval},
  year =         {2001},
  volume =       {4},
  number =       {1},
  pages =        {5--31},
}

@ARTICLE{ZY05,
  author =       {T.~Zhang and B.~Yu},
  title =        {Boosting with early stopping: Convergence and Consistency},
  journal =      {The Annals of Statistics}, 
  year =         {2005},
  volume =       {33},
  number =       {},
  pages =        {1538--1579}, 
}

@ARTICLE{ZC05,
  author =       {A.~Zomorodian and G.~Carlsson},
  title =        {Computing Persistent Homology},
  journal =      {Discrete and Computational Geometry},
  year =         {2005},
  volume =       {33},
  number =       {2},
  pages =        {249--274},
}

@ARTICLE{ZC08,
  author =       {A.~Zomorodian and G.~Carlsson},
  title =        {Localized homology},
  journal =      {Computational Geometry: Theory and Applications},
  year =         {2008},
  volume =       {41},
  number =       {3},
  pages =        {126--148},
}

@ARTICLE{ZHT06,
  author =       {H.~Zou and T.~Hastie and R.~Tibshirani},
  title =        {Sparse principal component analysis},
  journal =      {Journal of Computational and Graphical Statistics},
  year =         {2006},
  volume =       {15},
  number =       {2},
  pages =        {262--286},
}

@ARTICLE{XXz,
  author =       {XXX},
  title =        {XXX},
  journal =      {XXX},
  year =         {XXX},
  volume =       {XXX},
  number =       {XXX},
  pages =        {XXX--XXX},
}


%%%%%%%%%%%%%%%%%%%%%%%%%%%%%%%%%%%%%%%%%%%%%%%%%%%%%%%%%%%%%%%%%%%%%%%%%%%%%%%%%%%%%%%%%%%%%%%%%%%%
%%%%%%%%%%%%%%%%%%%%%%%%%%%%%%%%%%%%%%%%%%%%%%%%%%%%%%%%%%%%%%%%%%%%%%%%%%%%%%%%%%%%%%%%%%%%%%%%%%%%
