%%%%%%%%%%%%%%%%%%%%%%%%%%%%%%%%%%%%%%%%%%%%%%%%%%%%%%%%%%%%%%%%%%%%%%%%%%%%%%%%%%%%%%%%%%%%%%%%%%%%
%%%%%%%%%%%%%%%%%%%%%%%%%%%%%%%%%%%%%%%%%%%%%%%%%%%%%%%%%%%%%%%%%%%%%%%%%%%%%%%%%%%%%%%%%%%%%%%%%%%%

@BOOK{bernstein,
  author =       {S.~Bernstein},
  title =        {Theory of Probability},
  publisher =    {},
  year =         {1927},
  address =      {Moscow},
  series =       {},
}

@BOOK{Bollobas85,
  author =       {B. Bollobas},
  title =        {Random Graphs},
  publisher =    {Academic Press},
  year =         {1985},
  address =      {London},
  series =       {},
}

@BOOK{Boyd04,
  author =       {S.~Boyd and L.~Vandenberghe},
  title =        {Convex Optimization},
  publisher =    {Cambridge University Press},
  year =         {2004},
  address =      {Cambridge, UK},
  series =       {},
}

@BOOK{Bhatia97,
  author =       {R. Bhatia},
  title =        {Matrix Analysis},
  publisher =    {Springer-Verlag},
  year =         {1997},
  address =      {New York},
  series =       {},
}

@BOOK{CesaBianchiLugosi06,
  author =       {N.~Cesa-Bianchi and G.~Lugosi},
  title =        {Prediction, Learning, and Games},
  publisher =    {Cambridge University Press},
  year =         {2006},
  address =      {Cambridge},
  series =       {},
}

@BOOK{ChatterjeeHadi88,
  author =       {S.~Chatterjee and A.S.~Hadi},
  title =        {Sensitivity Analysis in Linear Regression},
  publisher =    {John Wiley \& Sons},
  year =         {1988},
  address =      {New York},
  series =       {},
}

@BOOK{ChatterjeeHadiPrice00,
  author =       {S.~Chatterjee and A.S.~Hadi and B.~Price},
  title =        {Regression Analysis by Example},
  publisher =    {John Wiley \& Sons},
  year =         {2000},
  address =      {New York},
  series =       {},
}

@BOOK{CS00,
  author =       {N.~Cristianini and J.~Shawe-Taylor},
  title =        {An Introduction to Support Vector Machines and Other Kernel-based Learning Methods},
  publisher =    {Cambridge University Press},
  year =         {2000},
  address =      {Cambridge},
  series =       {},
}

@BOOK{CLRS01,
  author =       {T.H. Cormen and C.E. Leiserson and R.L. Rivest and C. Stein},
  title =        {Introduction to Algorithms},
  publisher =    {McGraw-Hill Book Company},
  year =         {2001},
  address =      {New York},
  series =       {},
}

@BOOK{DelvesMohamed85,
  author =       {L.M.~Delves and J.L.~Mohamed},
  title =        {Computational Methods for Integral Equations},
  publisher =    {Cambridge University Press},
  year =         {1985},
  address =      {Cambridge},
  series =       {},
}

@BOOK{DevGyoLug96,
  author =       {L.~Devroye and L. Gy\"{o}rfi and G. Lugosi},
  title =        {A Probabilistic Theory of Pattern Recognition},
  publisher =    {Springer-Verlag},
  year =         {1996},
  address =      {New York},
  series =       {},
}

@BOOK{Feller71,
  author =       {W. Feller},
  title =        {An Introduction to Probability Theory and Its Applications},
  publisher =    {John Wiley \& Sons},
  year =         {1968},
  address =      {New York},
  series =       {},
}

@BOOK{GareyJohnson79,
  author =       {M.R. Garey and D.S. Johnson},
  title =        {Computers and Intractability: a Guide to the Theory of {NP}-Completeness},
  publisher =    {W.H. Freeman and Company},
  year =         {1979},
  address =      {New York},
  series =       {},
}

@BOOK{GVL89,
  author =       {G.H.~Golub and C.F.~Van Loan},
  title =        {Matrix Computations},
  publisher =    {Johns Hopkins University Press},
  year =         {1989},
  address =      {Baltimore},
  series =       {},
}

@BOOK{GVL96,
  author =       {G.H.~Golub and C.F.~Van Loan},
  title =        {Matrix Computations},
  publisher =    {Johns Hopkins University Press},
  year =         {1996},
  address =      {Baltimore},
  series =       {},
}

@BOOK{Gould96,
  author =       {S.J.~Gould},
  title =        {The Mismeasure of Man},
  publisher =    {W. W. Norton and Company},
  year =         {1996},
  address =      {New York},
  series =       {},
}

@BOOK{Greub67,
  author =       {W.H.~Greub},
  title =        {Multilinear Algebra},
  publisher =    {Springer-Verlag},
  year =         {1967},
  address =      {Berlin},
  series =       {},
}

@BOOK{HamHan64,
  author =       {J.M.~Hammersley and D.C.~Handscomb},
  title =        {Monte Carlo Methods},
  publisher =    {Chapman and Hall},
  year =         {1964},
  address =      {London and New York},
  series =       {},
}

@BOOK{hast-tibs-fried,
  author =       {T.~Hastie and R.~Tibshirani and J.~Friedman},
  title =        {The Elements of Statistical Learning},
  publisher =    {Springer-Verlag},
  year =         {2003},
  address =      {New York},
  series =       {},
}

@BOOK{HJ85,
  author =       {R.A.~Horn and C.R.~Johnson},
  title =        {Matrix Analysis},
  publisher =    {Cambridge University Press},
  year =         {1985},
  address =      {New York},
  series =       {},
}

@BOOK{BIG03,
  author =       {A.~Ben-Israel and T.N.E.~Greville},
  title =        {Generalized Inverses: Theory and Applications},
  publisher =    {Springer-Verlag},
  year =         {2003},
  address =      {New York},
  series =       {},
}

@BOOK{Jackson08,
  author =       {M.~O.~Jackson},
  title =        {Social and Economic Networks}, 
  publisher =    {Princeton University Press},
  year =         {2008},
  address =      {},
  series =       {},
}

@BOOK{KN96,
  author =       {E.~Kushilevitz and N.~Nisan},
  title =        {Communication Complexity},
  publisher =    {Cambridge University Press},
  year =         {1996},
  address =      {New York},
  series =       {},
}

@BOOK{LedouxTalagrand,
  author =       {M.~Ledoux and M.~Talagrand},
  title =        {Probability in Banach Spaces},
  publisher =    {Springer-Verlag},
  year =         {1991},
  address =      {},
  series =       {},
}

@BOOK{Liu01,
  author =       {J.S.~Liu},
  title =        {Monte Carlo Strategies in Scientific Computing},
  publisher =    {Springer-Verlag},
  year =         {2001},
  address =      {New York},
  series =       {},
}

@BOOK{lovasz,
  author =       {L.~Lovasz},
  title =        {Algorithmic Theory of Numbers, Graphs, and Convexity},
  publisher =    {SIAM},
  year =         {1986},
  address =      {Philadelphia},
  series =       {CBMS-NSF Regional Conference Series in Applied Mathematics 50},
}

@BOOK{MKB79,
  author =       {K.V.~Mardia and J.T.~Kent and J.M.~Bibby},
  title =        {Multivariate Analysis},
  publisher =    {Academic Press},
  year =         {1979},
  address =      {London},
  series =       {},
}

@BOOK{matousek,
  author =       {J.~Matou\v{s}ek},
  title =        {Lectures on Discrete Geometry},
  publisher =    {Springer-Verlag},
  year =         {2002},
  address =      {New York},
  series =       {Graduate Texts in Mathematics},
}

@BOOK{MotwaniRaghavan95,
  author =       {R. Motwani and P. Raghavan},
  title =        {Randomized Algorithms},
  publisher =    {Cambridge University Press},
  year =         {1995},
  address =      {New York},
  series =       {},
}

@BOOK{Muthu05,
  author =       {S.~Muthukrishnan},
  title =        {Data Streams: Algorithms and Applications},
  publisher =    {Now Publishers Inc},
  year =         {2005},
  address =      {Boston},
  series =       {Foundations and Trends in Theoretical Computer Science},
}

@BOOK{Nashed76,
  editor =       {M.Z.~Nashed},
  title =        {Generalized Inverses and Applications},
  publisher =    {Academic Press},
  year =         {1976},
  address =      {New York},
  series =       {},
}

@BOOK{Naylor82,
  author =       {A.W. Naylor and G.R. Sell},
  title =        {Linear Operator Theory in Engineering and Science},
  publisher =    {Springer-Verlag},
  year =         {1982},
  address =      {New York},
  series =       {},
}

@BOOK{NeuhausBunke07,
  author =       {M.~Neuhaus and H.~Bunke},
  title =        {Bridging the Gap Between Graph Edit Distance and Kernel Machines},
  publisher =    {World Scientific Publishing Co., Inc.},
  year =         {2007},
  address =      {River Edge, NJ, USA},
  series =       {},
}

@BOOK{Parlett98,
  author =       {B. N. Parlett},
  title =        {{The Symmetric Eigenvalue Problem}},
  publisher =    {SIAM},
  year =         {1998},
  address =      {Philadelphia},
  series =       {Classics in Applied Mathematics},
}

@BOOK{PR97,
  AUTHOR =       {K.T. Poole and H. Rosenthal},
  TITLE =        {Congress: A Political-Economic History of Roll Call Voting},
  publisher =    {Oxford University Press},
  year =         {1997},
  address =      {},
  series =       {},
}

@BOOK{Resnick07,
  author =       {S.~I.~Resnick},
  title =        {Heavy Tailed Phenomena},
  publisher =    {Springer-Verlag},
  year =         {2007},
  address =      {},
  series =       {},
}

@BOOK{Schrijver98,
  AUTHOR =       {A. Schrijver},
  TITLE =        {Theory of Linear and Integer Programming},
  publisher =    {John Wiley \& Sons},
  year =         {1998},
  address =      {New York},
  series =       {},
}

@BOOK{SS01-book,
  author =       {B.~Sch\"{o}lkopf and A.~J.~Smola},
  title =        {Learning with Kernels: Support Vector Machines, Regularization, Optimization, and Beyond},
  publisher =    {MIT Press},
  year =         {2001},
  address =      {Cambridge, MA, USA}
  series =       {},
}


@BOOK{Skillicorn07,
  AUTHOR =       {D.B.~Skillicorn},
  TITLE =        {Understanding complex datasets: data mining with matrix decompositions},
  publisher =    {Chapman \& Hall/CRC Press},
  year =         {2007},
  address =      {Boca Raton, FL},
  series =       {},
}

@BOOK{Stewart90,
  author =       {G.W. Stewart and J.G. Sun},
  title =        {Matrix Perturbation Theory},
  publisher =    {Academic Press},
  year =         {1990},
  address =      {New York},
  series =       {},
}

@BOOK{Stewart98,
  author =       {G.W. Stewart},
  title =        {Matrix Algorithms I: Basic Decompositions},
  publisher =    {SIAM},
  year =         {1998},
  address =      {Philadelphia},
  series =       {},
}

@BOOK{Stigler86,
  author =       {S.M.~Stigler},
  title =        {The History of Statistics: The Measurement of Uncertainty before 1900},
  publisher =    {Harvard University Press},
  year =         {1986},
  address =      {Cambridge},
  series =       {},
}

@BOOK{Strang88,
  author =       {G.~Strang},
  title =        {Linear Algebra and Its Applications},
  publisher =    {Harcourth Brace Jovanovich},
  year =         {1988},
  address =      {},
  series =       {},
}

@BOOK{TikhonovArsenin77,
  author =       {A.N.~Tikhonov and V.Y.~Arsenin},
  title =        {Solutions of Ill-Posed Problems},
  publisher =    {W.H. Winston},
  year =         {1977},
  address =      {Washington, D.C.},
  series =       {},
}

@BOOK{TrefethenBau97,
  author =       {L.N.~Trefethen and D.~Bau~III},
  title =        {Numerical Linear Algebra},
  publisher =    {SIAM},
  year =         {1997},
  address =      {Philadelphia},
  series =       {},
}

@BOOK{Vazirani01,
  author =       {V.V. Vazirani},
  title =        {Approximation Algorithms},
  publisher =    {Springer-Verlag},
  year =         {2001},
  address =      {New York},
  series =       {},
}

@BOOK{Vapnik98,
  author =       {V.N. Vapnik},
  title =        {Statistical Learning Theory},
  publisher =    {John Wiley \& Sons},
  year =         {1998},
  address =      {New York},
  series =       {},
}

@BOOK{Vempala04,
  author =       {S.S.~Vempala},
  title =        {The Random Projection Method},
  publisher =    {AMS and DIMACS},
  year =         {2004},
  address =      {},
  series =       {Vol. No. 65, DIMACS Series in Discrete Mathematics and Theoretical Computer Science},
}

@BOOK{Wilkinson65,
  author =       {J.H. Wilkinson},
  title =        {The Algebraic Eigenvalue Problem},
  publisher =    {Claredon Press},
  year =         {1965},
  address =      {Oxford},
  series =       {},
}

@BOOK{bsa,
  author =       {P.~Wojtaszczyk},
  title =        {Banach Spaces for Analysts}, 
  publisher =    {Cambridge University Press},
  year =         {1991},
  address =      {Cambridge, UK},
  series =       {Cambridge Studies in Advanced Mathematics 25},
}

%%%%%%%%%%%%%%%%%%%%%%%%%%%%%%%%%%%%%%%%%%%%%%%%%%%%%%%%%%%%%%%%%%%%%%%%%%%%%%%%%%%%%%%%%%%%%%%%%%%%
%%%%%%%%%%%%%%%%%%%%%%%%%%%%%%%%%%%%%%%%%%%%%%%%%%%%%%%%%%%%%%%%%%%%%%%%%%%%%%%%%%%%%%%%%%%%%%%%%%%%
