%%%%%%%%%%%%%%%%%%%%%%%%%%%%%%%%%%%%%%%%%%%%%%%%%%%%%%%%%%%%%%%%%%%%%%%%%%%%%%%%%%%%%%%%%%%%%%%%%%%%
%%%%%%%%%%%%%%%%%%%%%%%%%%%%%%%%%%%%%%%%%%%%%%%%%%%%%%%%%%%%%%%%%%%%%%%%%%%%%%%%%%%%%%%%%%%%%%%%%%%%

@INCOLLECTION{Afr06,
  author =       {F.N.~Afrati},
  title =        {On Approximation Algorithms for Data Mining Applications},
  booktitle =    {Efficient Approximation and Online Algorithms},
  year =         {2006},
  pages =        {1--29},
  editor =       {E.~Bampis and K.~Jansen and C.~Kenyon},
  series =       {},
  publisher =    {Springer-Verlag},
}

@INCOLLECTION{AHV06,
  author =       {P.K.~Agarwal and S.~Har-Peled and K.R.~Varadarajan},
  title =        {Geometric Approximation via Coresets - Survey},
  booktitle =    {Current Trends in Combinatorial and Computational Geometry},
  year =         {2006},
  pages =        {},
  editor =       {E.~Welzl},
  series =       {},
  publisher =    {Cambridge University Press},
}

@INCOLLECTION{AL96,
  author =       {S.~Arora and C.~Lund},
  title =        {Hardness of Approximations},
  booktitle =    {Approximation Algorithms for {NP}-Hard Problems},
  year =         {1996},
  pages =        {399--446},
  editor =       {D.S.~Hochbaum},
  series =       {},
  publisher =    {PWS Publishing},
}

@INCOLLECTION{BK05,
  author =       {A.~Baltz and L.~Kliemann},
  title =        {Spectral Analysis},
  booktitle =    {Network Analysis},
  year =         {2005},
  pages =        {373--417},
  editor =       {U.~Brandes and T.~Erlebach},
  series =       {LNCS 3418},
  publisher =    {Springer-Verlag},
}

@INCOLLECTION{BJ09b,
  author =       {A.~Banerjee and J.~Jost},
  title =        {Spectral Characterization of Network Structures and Dynamics},
  booktitle =    {Dynamics On and Of Complex Networks},
  year =         {2009},
  pages =        {117--132}, 
  editor =       {N.~Ganguly and A.~Deutsch and A.~Mukherjee},
  series =       {Modeling and Simulation in Science, Engineering and Technology},
  publisher =    {Birkh\"{a}user},
}

@INCOLLECTION{BE96,
  author =       {M. Bern and D. Eppstein},
  title =        {Approximation algorithms for geometric problems},
  booktitle =    {Approximation Algorithms for {NP}-Hard Problems},
  year =         {1996},
  pages =        {296--345},
  editor =       {D.S.~Hochbaum},
  series =       {},
  publisher =    {PWS Publishing},
}

@INCOLLECTION{Bli95,
  author =       {S.F.~Blinkhorn},
  title =        {Burt and the early history of factor analysis},
  booktitle =    {Cyril {B}urt: Fraud or Framed?},
  year =         {1995},
  pages =        {},
  editor =       {N.J.~Mackintosh}, 
  series =       {},
  publisher =    {Oxford University Press},
}

@INCOLLECTION{BFL08,
  author =       {J.-P.~Bouchaud and J.~D.~Farmer and F.~Lillo},
  title =        {How Markets Slowly Digest Changes in Supply and Demand}, 
  booktitle =    {In Handbook of Financial Markets: Dynamics and Evolution},
  year =         {2008},
  pages =        {57--156},
  editor =       {T.~Hens and K.~Schenk-Hoppe},
  series =       {},
  publisher =    {Elsevier: Academic Press},
}

@INCOLLECTION{BDPS02,
  author =       {R.J.~Brunner and S.G.~Djorgovski and T.A.~Prince and A.S.~Szalay},
  title =        {Massive datasets in astronomy},
  booktitle =    {Handbook of massive data sets}, 
  year =         {2002},
  pages =        {931--979},
  editor =       {J.~Abello and P.M.~Pardalos and M.G.C.~Resende}, 
  series =       {},
  publisher =    {Kluwer Academic Publishers},
}

@INCOLLECTION{Cla92,
  author =       {K.L.~Clarkson},
  title =        {Randomized geometric algorithms},
  booktitle =    {Computing in Euclidean Geometry}, 
  year =         {1992},
  pages =        {117--162},
  editor =       {D.-Z. Du and F.K.Hwang},
  series =       {Lecture Notes Series on Computing},
  publisher =    {World Scientific},
}

@INCOLLECTION{Cline06,
  author =       {A.K.~Cline and I.S.~Dhillon},
  title =        {Computation of the Singular Value Decomposition},
  booktitle =    {Handbook of Linear Algebra},
  year =         {2006},
  pages =        {45-1--45-13},
  editor =       {L.~Hogben},
  series =       {},
  publisher =    {CRC Press},
}

@INCOLLECTION{Engquist01,
  author =       {B.~Engquist and O.~Runborg},
  title =        {Wavelet-Based Numerical Homogenization with Applications},
  booktitle =    {Multiscale and multiresolution methods: theory and applications},
  year =         {2001},
  pages =        {97--148},
  editor =       {T.J.~Barth and T.F.~Chan and R.~Haimes},
  series =       {LNCSE},
  publisher =    {Springer},
}

@INCOLLECTION{Garini96,
  author =       {Y.~Garini and N.~Katzir and D.~Cabib and R.A.~Buckwald and D.G.~Soenksen and Z.~Malik},
  title =        {Spectral bio-imaging},
  booktitle =    {Fluorescence Imaging Spectroscopy and Microscopy},
  year =         {1996},
  pages =        {87--124},
  editor =       {X.F.~Wang and B.~Herman},
  series =       {},
  publisher =    {Wiley-Interscience},
}

@INCOLLECTION{GM99,
  author =       {P.B. Gibbons and Y. Matias},
  title =        {Synopsis data structures for massive data sets},
  booktitle =    {External Memory Algorithms},
  year =         {1999},
  pages =        {39--70},
  editor =       {J.M. Abello and J.S. Vitter},
  series =       {DIMACS Series in Discrete Mathematics and Theoretical Computer Science},
  publisher =    {American Mathematical Society},
}

@INCOLLECTION{HL84,
  author =       {R.A.~Harshman and M.E.~Lundy},
  title =        {The {PARAFAC} model for three-way factor analysis and multidimensional scaling},
  booktitle =    {Research Methods for Multimode Data Analysis},
  year =         {1984},
  pages =        {122--215},
  editor =       {H.G.~Law and C.W.~Snyder~Jr. and J.~Hattie and R.P.~McDonald},
  series =       {},
  publisher =    {Praeger},
}

@INCOLLECTION{IM04,
  author =       {P.~Indyk and J.~Matou\v{s}ek},
  title =        {Low Distortion Embeddings of Finite Metric Spaces},
  booktitle =    {Handbook of Discrete and Computational Geometry (Second Edition)},
  year =         {2004},
  pages =        {177--196},
  editor =       {J.~E.~Goodman and J.~O'Rourke},
  series =       {},
  publisher =    {CRC Press},
}

@INCOLLECTION{Jer98,
  author =       {M.~Jerrum},
  title =        {Mathematical foundations of the {Markov} chain {Monte Carlo} method},
  booktitle =    {Probabilistic Methods for Algorithmic Discrete Mathematics},
  year =         {1998},
  pages =        {116--165},
  editor =       {M.~Habib and C.~McDiarmid and J.~Ramirez-Alfonsin and B.~Reed},
  series =       {},
  publisher =    {Springer-Verlag},
}

@INCOLLECTION{JerSin96,
  author =       {M.~Jerrum and A.~Sinclair},
  title =        {The {Markov} chain {Monte Carlo} method: an approach to approximate counting and integration},
  booktitle =    {Approximation Algorithms for {NP}-Hard Problems},
  year =         {1996},
  pages =        {482--520},
  editor =       {D.S.~Hochbaum},
  series =       {},
  publisher =    {PWS Publishing},
}

@INCOLLECTION{Johnson02,
  author =       {D.S.~Johnson},
  title =        {A Theoretician's Guide to the Experimental Analysis of Algorithms}, 
  booktitle =    {Data Structures, Near Neighbor Searches, and Methodology: Proceedings of the Fifth and Sixth DIMACS Implementation Challenges}, 
  year =         {2002}, 
  pages =        {215--250},
  editor =       {M.~Goldwasser and D.S.~Johnson and C.C.~McGeoch}, 
  series =       {},
  publisher =    {American Mathematical Society}, 
}

@INCOLLECTION{KP00,
  author =       {V.~Koltchinskii and D.~Panchenko},
  title =        {Rademacher processes and bounding the risk of function learning},
  booktitle =    {High Dimensional Probability {II}},
  year =         {2000},
  pages =        {443--459}, 
  editor =       {E.~Gine and D.~Mason and J.~Wellner},
  series =       {},
  publisher =    {Birkhauser},
}

@INCOLLECTION{Kru89,
  author =       {J.B.~Kruskal},
  title =        {Rank, Decomposition, and Uniqueness for $3$-Way and {$N$}-Way Arrays},
  booktitle =    {Multiway Data Analysis},
  year =         {1989},
  pages =        {7--18},
  editor =       {R.~Coppi and S.~Bolasco},
  series =       {},
  publisher =    {Elesvier Science Publishers},
}

@INCOLLECTION{Lam03,
  author =       {D.~Lambert},
  title =        {What use is statistics for massive data?},
  booktitle =    {Crossing boundaries: statistical essays in honor of Jack Hall},
  year =         {2003},
  pages =        {217--228},
  editor =       {J.~E.~Kolassa and D.~Oakes}, 
  series =       {},
  publisher =    {Institute of Mathematical Statistics},
}

@INCOLLECTION{McD89,
  author =       {C. McDiarmid},
  title =        {On the method of bounded differences},
  booktitle =    {Surveys in Combinatorics, 1989},
  year =         {1989},
  pages =        {148--188},
  editor =       {J. Siemons},
  series =       {London Mathematical Society Lecture Notes Series},
  publisher =    {Cambridge University Press},
}

@INCOLLECTION{Noble04,
  author =       {W.S.~Noble},
  title =        {Support vector machine applications in computational biology},
  booktitle =    {Kernel Methods in Computational Biology},
  year =         {2004},
  pages =        {71--92},
  editor =       {B.~Sch\"{o}lkopf and K.~Tsuda and J.P.~Vert},
  series =       {},
  publisher =    {MIT Press},
}

@INCOLLECTION{PS08,
  author =       {C.~A.~Parlour and D.~J.~Seppi},
  title =        {Limit Order Markets: A Survey},
  booktitle =    {Handbook of Financial Intermediation and Banking}, 
  year =         {2008},
  pages =        {63--96},
  editor =       {A.~V.~Thakor and A.~W.~A.~Boot},
  series =       {},
  publisher =    {Elsevier B.V. },
}

@INCOLLECTION{PT95,
  author =       {S.~Poljak and Z.~Tuza},
  title =        {Maximum cuts and large bipartite subgraphs},
  booktitle =    {Combinatorial Optimization},
  year =         {1995},
  pages =        {181--244}, 
  editor =       {W.~Cook and L.~Lov\'{a}sz and P.~Seymour},
  series =       {DIMACS Series in Discrete Mathematics and Theoretical Computer Science, Vol. 20},
  publisher =    {American Mathematical Society},
}

@INCOLLECTION{Pot96,
  author =       {A.~Pothen}, 
  title =        {Graph partitioning algorithms with applications to scientific computing},
  booktitle =    {Parallel Numerical Algorithms}, 
  year =         {1996}, 
  pages =        {},
  editor =       {D.~E.~Keyes and A.~H.~Sameh and V.~Venkatakrishnan},
  series =       {},
  publisher =    {Kluwer Academic Press},
}

@INCOLLECTION{RYP03,
  author =       {R.~Rifkin and G.~Yeo and T.~Poggio},
  title =        {Regularized Least-Squares Classification},
  booktitle =    {Advances in Learning Theory: Methods, Models and Applications},
  year =         {2003},
  pages =        {131--154},
  editor =       {J.A.K.~Suykens and G.~Horvath and S.~Basu and C.~Micchelli and J.~Vandewalle},
  series =       {NATO Science Series III: Computer and Systems Sciences},
  publisher =    {VIOS Press},
}

@INCOLLECTION{SWHSL06,
  author =       {L.~K.~Saul and K.~Q.~Weinberger and J.~H.~Ham and F.~Sha and D.~D.~Lee},
  title =        {Spectral methods for dimensionality reduction},
  booktitle =    {Semisupervised Learning},
  year =         {2006},
  pages =        {293--308},
  editor =       {O.~Chapelle and B.~Schoelkopf and A.~Zien},
  series =       {},
  publisher =    {MIT Press},
}

@INCOLLECTION{Sin98,
  author =       {A. Sinclair},
  title =        {Convergence rates for {Monte Carlo} experiments},
  booktitle =    {Numerical Methods for Polymeric Systems},
  year =         {1998},
  pages =        {1--18},
  editor =       {S.~G.~Whittington}, 
  series =       {IMA Volumes in Mathematics and its Applications},
  publisher =    {Springer-Verlag},
}

@INCOLLECTION{Shm96,
  author =       {D.~B.~Shmoys},
  title =        {Cut problems and their application to divide-and-conquer},
  booktitle =    {Approximation Algorithms for {NP}-Hard Problems},
  year =         {1996},
  pages =        {192--235},
  editor =       {D.S.~Hochbaum},
  series =       {},
  publisher =    {PWS Publishing},
}

@INCOLLECTION{Sri99,
  author =       {A.~Srinivasan}, 
  title =        {Approximation algorithms via randomized rounding - a survey}, 
  booktitle =    {Lectures on Approximation and Randomized Algorithms},
  year =         {1999},
  pages =        {9-71}, 
  editor =       {M.~Karonski and H.J.~Promel},
  series =       {Series in Advanced Topics in Mathematics}, 
  publisher =    {Polish Scientific Publishers PWN}, 
}

@INCOLLECTION{Sto03,
  author =       {H.~R.~Stoll},
  title =        {Market Microstructure},
  booktitle =    {Handbook of the Economics of Finance}, 
  year =         {2003},
  pages =        {553--604},
  editor =       {G.~M.~Constantinides and M.~Harris and R. Stulz},
  series =       {},
  publisher =    {Elsevier Science B.V.},
}

@INCOLLECTION{Tol99,
  author =       {S.~Toledo},
  title =        {A survey of out-of-core algorithms in numerical linear algebra},
  booktitle =    {External memory algorithms},
  year =         {1999},
  pages =        {161--179},
  editor =       {J.~M.~Abello and J.~S.~Vitter},
  series =       {Dimacs Series In Discrete Mathematics And Theoretical Computer Science},
  publisher =    {American Mathematical Society},
}

@INCOLLECTION{WRR03,
  author =       {M.E.~Wall and A.~Rechtsteiner and L.M.~Rocha},
  title =        {Singular value decomposition and principal component analysis},
  booktitle =    {A Practical Approach to Microarray Data Analysis},
  year =         {2003},
  pages =        {91--109},
  editor =       {D.P.~Berrar and W.~Dubitzky and M.~Granzow}, 
  series =       {},
  publisher =    {Kluwer},
}

@INCOLLECTION{VLP93,
  author =       {C.~Van~Loan and N.~Pitsianis},
  title =        {Approximation with {K}ronecker Products},
  booktitle =    {Linear Algebra for Large Scale and Real Time Applications},
  year =         {1993},
  pages =        {293--314},
  editor =       {M.S.~Moonen and G.H.~Golub}, 
  series =       {},
  publisher =    {Kluwer Publications},
}

@INCOLLECTION{Zomo09,
  author =       {A.~Zomorodian},
  title =        {Computational Topology},
  booktitle =    {Algorithms and Theory of Computation Handbook, Second Edition},
  year =         {2009},
  pages =        {000--000},
  editor =       {M.J.~Atallah and M.~Blanton},
  series =       {},
  publisher =    {CRC Press},
}

%%%%%%%%%%%%%%%%%%%%%%%%%%%%%%%%%%%%%%%%%%%%%%%%%%%%%%%%%%%%%%%%%%%%%%%%%%%%%%%%%%%%%%%%%%%%%%%%%%%%
%%%%%%%%%%%%%%%%%%%%%%%%%%%%%%%%%%%%%%%%%%%%%%%%%%%%%%%%%%%%%%%%%%%%%%%%%%%%%%%%%%%%%%%%%%%%%%%%%%%%

@TECHREPORT{ABEV06,
  author =       {J.~Abernethy and F.~Bach and T.~Evgeniou and J.-P.~Vert},
  title =        {Low-rank matrix factorization with attributes},
  note =         {Preprint: arXiv:cs/0611124 (2006)},
}

@TECHREPORT{ABHK10_TR,
  author =       {L.~Adamic and C.~Brunetti and J.~H.~Harris and A.~A.~Kirilenko}, 
  title =        {Trading Networks},
  note =         {Available at SSRN: \texttt{http://ssrn.com/abstract=1361184}},
  year =         {2010},
  month =        {March 5,},
}

@TECHREPORT{Asp08,
  author =       {A.~d'Aspremont},
  title =        {Subsampling Algorithms for Semidefinite Programming},
  note =         {Preprint: arXiv:0803.1990 (2008)},
}

@TECHREPORT{KarAsp09,
  author =       {N.~El~Karoui and A.~d'Aspremont},
  title =        {Approximating Eigenvectors by Subsampling},
  note =         {Preprint: arXiv:0908.0137 (2009)},
}

@TECHREPORT{BDT08_TR,
  author =       {M.~Baboulin and J.~Dongarra and S.~Tomov},
  title =        {Some Issues in Dense Linear Algebra for Multicore and Special Purpose Architectures}, 
  institution =  {University of Tennessee}, 
  year =         {2008},
  type =         {},
  number =       {UT-CS-08-200}, 
  address =      {},
  month =        {May},
}

@TECHREPORT{BDHS09_TR,
  author =       {G.~Ballard and J.~Demmel and O.~Holtz and O.~Schwartz},
  title =        {Minimizing Communication in Linear Algebra},
  institution =  {EECS Department, University of California, Berkeley},
  year =         {2009},
  type =         {},
  number =       {UCB/EECS-2009-62},
  address =      {},
  month =        {},
}

@TECHREPORT{BGIKS08_TR,
  author =       {R.~Berinde and A.~C.~Gilbert and P.~Indyk and H.~Karloff and M.~J.~Strauss},
  title =        {Combining geometry and combinatorics: A unified approach to sparse signal recovery},
  note =         {Preprint: arXiv:0804.4666 (2008)},
}

@TECHREPORT{BSS08a_TR,
  author =       {J.~Batson and D.A.~Spielman and N.~Srivastava},
  title =        {Twice-{R}amanujan Sparsifiers},
  note =         {Preprint: arXiv:0808.0163 (2008)},
}

@TECHREPORT{BW07_TR,
  author =       {M.-A.~Belabbas and P.J.~Wolfe},
  title =        {On the Approximation of Matrix Products and Positive Definite Matrices},
  note =         {Preprint: arXiv:0707.4448 (2007)},
}

@TECHREPORT{BW09_TR,
  author =       {M.-A.~Belabbas and P.J.~Wolfe},
  title =        {On landmark selection and sampling in high-dimensional data analysis},
  note =         {Preprint: arXiv:0906.4582 (2009)},
}

@TECHREPORT{BVP03_TR,
  author =       {Y.~Bengio and P.~Vincent and J.F.~Paiement}, 
  title =        {Spectral clustering and kernel {PCA} are learning eigenfunctions},
  institution =  {CIRANO},
  year =         {2003},
  type =         {},
  number =       {TR-2003s-19},
  address =      {},
  month =        {May},
}

@TECHREPORT{BLR08_TR,
  author    = {P.~Biswal and J.~R.~Lee and S.~Rao},
  title     = {Eigenvalue bounds, spectral partitioning, and metrical deformations via flows},
  note =      {Preprint: arXiv:0808.0148 (2008)},
}

@TECHREPORT{BPS04_TR,
  author =       {M.W.~Berry and S.A.~Pulatova and G.W.~Stewart},
  title =        {Computing Sparse Reduced-Rank Approximations to Sparse Matrices},
  institution =  {University of Maryland},
  year =         {2004},
  type =         {},
  number =       {UMIACS TR-2004-32 CMSC TR-4589},
  address =      {College Park, MD},
  month =        {},
}

@TECHREPORT{BL10_TR,
  author =       {T.~A.~Boroson and T.~R.~Lauer},
  title =        {Exploring the Spectral Space of Low Redshift {QSO}s},
  note =         {Preprint: arXiv:1005.0028 (2010)},
}

@TECHREPORT{BMD08_CSSP_TR,
  author =       {C.~Boutsidis and M.W.~Mahoney and P.~Drineas},
  title =        {An Improved Approximation Algorithm for the Column Subset Selection Problem},
  note =         {Preprint: arXiv:0812.4293 (2008)},
}

@TECHREPORT{BMD08_CSSP_TRv2,
  author =       {C.~Boutsidis and M.W.~Mahoney and P.~Drineas},
  title =        {An Improved Approximation Algorithm for the Column Subset Selection Problem},
  note =         {Preprint: arXiv:0812.4293v2 (2008)},
}

@TECHREPORT{BK03,
  author =       {D.J. Brown and R. Kannan},
  title =        {Indeterminacy, Nonparametric Calibration and Counterfactual Equilibria},
  institution =  {Cowles Foundation, Yale University},
  year =         {2003},
  type =         {},
  number =       {CFDP-1426},
  address =      {New Haven, CT},
  month =        {},
}

@TECHREPORT{Bry07,
  author =       {R.~E.~Bryant},
  title =        {Data-Intensive Supercomputing: The case for {DISC}},
  institution =  {School of Computer Science Carnegie Mellon University}, 
  year =         {2007},
  type =         {},
  number =       {CMU-CS-07-128},
  address =      {Pittsburgh, PA},
  month =        {May},
}

@TECHREPORT{CCS08_TR,
  author =       {J.-F.~Cai and E.J.~Candes and Z.~Shen},
  title =        {A Singular Value Thresholding Algorithm for Matrix Completion},
  note =         {Preprint: arXiv:0810.3286 (2008)},
}

@TECHREPORT{CR08_TR,
  author =       {E.J.~Candes and B.~Recht},
  title =        {Exact Matrix Completion via Convex Optimization},
  note =         {Preprint: arXiv:0805.4471 (2008)},
}

@TECHREPORT{CM08_TR,
  author =       {G.~Carlsson and F.~Memoli},
  title =        {Persistent Clustering and a Theorem of {J.~Kleinberg}},
  note =         {Preprint: arXiv:0808.2241 (2008)},
}

@TECHREPORT{AM07_TR,
  author =       {A.~Civril and M.~Magdon-Ismail},
  title =        {Finding Maximum Volume Sub-matrices of a Matrix},
  institution =  {Rennselar Polytechnic Institute Department of Computer Science},
  year =         {2007},
  type =         {},
  number =       {07-08},
  address =      {Troy, NY},
  month =        {},
}

@MISC{CB10_DRAFT,
  author =       {S.~Chaillat and G.~Biros},
  title =        {{FaIMS}: a fast algorithm for the inverse medium problem with multiple frequencies and multiple sources for the scalar {H}elmholtz equation},
  note =         {Manuscript. 2010.},
}

@TECHREPORT{CSPW09_TR,
  author =       {V.~Chandrasekaran and S.~Sanghavi and P.~A.~Parrilo and A.~S.~Willsky},
  title =        {Rank-Sparsity Incoherence for Matrix Decomposition},
  note =         {Preprint: arXiv:0906.2220 (2009)},
}

@TECHREPORT{CKP10_TR,
  author =       {E.~Cohen-Cole and A.~A.~Kirilenko and E.~Patacchini}, 
  title =        {Are Networks Priced? {N}etwork Topology and Systemic Risk in High Liquidity Markets},
  note =         {Available at SSRN: \texttt{http://ssrn.com/abstract=1597738}},
  year =         {2010},
  month =        {October 7,},
}

@MISC{CVB11_DRAFT,
  author =       {M.~Cucuringu and P.~Van~Dooren and V.~D.~Blondel},
  title =        {Extracting spatial information from networks with low-order eigenvectors},
  note =         {Manuscript. 2011.},
}

@TECHREPORT{DR10_TR,
  author =       {A.~Deshpande and L.~Rademacher},
  title =        {Efficient volume sampling for row/column subset selection},
  note =         {Preprint: arXiv:1004.4057 (2010)},
}

@TECHREPORT{DV06_relerr_TR,
  author =       {A.~Deshpande and S.~Vempala},
  title =        {Adaptive Sampling and Fast Low-Rank Matrix Approximation},
  institution =  {Electronic Colloquium on Computational Complexity}, 
  year =         {2006},
  type =         {},
  number =       {TR06-042},
  address =      {},
  month =        {March},
}

@TECHREPORT{DYB08_TR,
  author =       {J.-C.~Delvenne and S.N.~Yaliraki and M.~Barahona},
  title =        {Stability of graph communities across time scales},
  note =         {Preprint: arXiv:0812.1811 (2008)},
}

@TECHREPORT{DP09_TR,
  author =       {I.~Dumitriu and S.~Pal},
  title =        {Sparse regular random graphs: spectral density and eigenvectors},
  note =         {Preprint: arXiv:0910.5306 (2009)},
}

@MISC{EGK10_DRAFT,
  author =       {M.~Elliott and B.~Golub and A.~Kirilenko},
  title =        {A note on equilibrium trading networks in financial markets},
  note =         {Manuscript. March 17, 2010.},
}

@TECHREPORT{ESY08_TR,
  author =       {L.~Erdos and B.~Schlein and H.-T.~Yau},
  title =        {Local semicircle law and complete delocalization for {W}igner random matrices},
  note =         {Preprint: arXiv:0803.0542 (2008)},
}

@TECHREPORT{GGS10_TR,
  author =       {B.~Georgeot and O.~Giraud and D.~L.~Shepelyansky},
  title =        {Spectral properties of the {G}oogle matrix of the {W}orld {W}ide {W}eb and other directed networks},
  note =         {Preprint: arXiv:1002.3342 (2010)},
}

@TECHREPORT{HMT09,
  author =       {N.~Halko and P.-G.~Martinsson and J.~A.~Tropp},
  title =        {Finding structure with randomness: Probabilistic algorithms for constructing approximate matrix decompositions},
  note =         {Preprint: arXiv:0909.4061 (2009)},
}

@TECHREPORT{HMST10_TR,
  author =       {N.~Halko and P.-G.~Martinsson and Y.~Shkolnisky and M.~Tygert},
  title =        {An algorithm for the principal component analysis of large data sets},
  note =         {Preprint: arXiv:1007.5510 (2010)},
}

@TECHREPORT{HLMS03_TR,
  author =       {J. Ham and D.D. Lee and S. Mika and B. Sch\"{o}lkopf},
  title =        {A kernel view of the dimensionality reduction of manifolds},
  institution =  {Max Planck Institute for Biological Cybernetics},
  year =         {2003},
  type =         {},
  number =       {TR-110},
  address =      {},
  month =        {July},
}

@MISC{HKNOW10_DRAFT,
  author =       {J.~W.~Hatfield and S.~D.~Kominers and A.~Nichifor and M.~Ostrovsky and A.~Westkamp},
  title =        {Stability and Competitive Equilibrium in Trading Networks},
  note =         {Manuscript. January 5, 2011.},
}

@TECHREPORT{HRR98,
  author =       {M.R. Henzinger and P. Raghavan and S. Rajagopalan},
  title =        {Computing on data streams},
  institution =  {Digital Systems Research Center},
  year =         {1998},
  type =         {},
  number =       {1998-011},
  address =      {Palo Alto, CA},
  month =        {May},
}

@TECHREPORT{Jiang99,
  author =       {F. Jiang and R. Kannan and M.L. Littman and S. Vempala},
  title =        {Efficient singular value decomposition via improved document sampling},
  institution =  {Duke University},
  year =         {1999},
  type =         {},
  number =       {CS-99-5},
  address =      {Durham, NC},
  month =        {Feb},
}

@TECHREPORT{JVF10_TR,
  author =       {G.~Jurman and R.~Visintainer and C.~Furlanello},
  title =        {An introduction to spectral distances in networks (extended version)},
  note =         {Preprint: arXiv:1005.0103 (2010)},
}

@TECHREPORT{KN10_TR,
  author =       {D.M.~Kane and J.~Nelson},
  title =        {A Derandomized Sparse {J}ohnson-{L}indenstrauss Transform},
  note =         {Preprint: arXiv:1006.3585 (2010)},
}

@TECHREPORT{KKST10_TR,
  author =       {A.~Kirilenko and A.~S.~Kyle and M.~Samadi and T.~Tuzun}, 
  title =        {The Flash Crash: The Impact of High Frequency Trading on an Electronic Market},
  note =         {Available at SSRN: \texttt{http://ssrn.com/abstract=1686004}},
  year =         {2010},
  month =        {October 1,},
}

@TECHREPORT{KriVu02b,
  author =       {M. Krivelevich and V.H. Vu},
  title =        {On the concentration of eigenvalues of random symmetric matrices},
  institution =  {Microsoft Research},
  year =         {2000},
  type =         {},
  number =       {MSR-TR-2000-60},
  address =      {Redmond,WA},
  month =        {},
}

@TECHREPORT{KHRH07_TR,
  author =       {P.N.~Krivitsky and M.S.~Handcock and A.E.~Raftery and P.D.~Hoff},
  title =        {Representing Degree Distributions, Clustering, and Homophily in Social Networks with Latent Cluster Random Effects Models},
  institution =  {University of Washington Statistics Department},
  year =         {2007},
  type =         {},
  number =       {517},
  address =      {},
  month =        {August},
}

@TECHREPORT{KM10_TR,
  author =       {R.~K\"{u}hn and J.~van~Mourik},
  title =        {Spectra of modular and small-world matrices},
  note =         {Preprint: arXiv:1012.0529 (2010)},
}

@TECHREPORT{CGMR03,
  author =       {H.~Cheng and Z.~Gimbutas and P.-G.~Martinsson and V.~Rokhlin},
  title =        {On the compression of low rank matrices},
  institution =  {Yale University Department of Computer Science},
  year =         {2003},
  type =         {},
  number =       {YALEU/DCS/RR-1251},
  address =      {New Haven, CT},
  month =        {July},
}

@TECHREPORT{DDHKM07_lp_TR,
  author =       {A.~Dasgupta and P.~Drineas and B.~Harb and R.~Kumar and M.W.~Mahoney},
  title =        {Sampling Algorithms and Coresets for $\ell_p$ Regression},
  note =         {Preprint: arXiv:0707.1714 (2007)},
}

@TECHREPORT{dlVK02,
  author =       {W.F.~de~la~Vega and M.~Karpinski},
  title =        {A Polynomial Time Approximation Scheme for Subdense {MAX-CUT}},
  institution =  {Electronic Colloquium on Computational Complexity}, 
  year =         {2002},
  type =         {},
  number =       {TR02-044},
  address =      {},
  month =        {},
}

@techreport{Demmel:CSD-97-934,
    Author = {Demmel, James and Gu, Ming and Eisenstat, Stanley and Slapnicar, Ivan and Veselic, Kresimir and Drmac, Zlatco},
    Title = {Computing the Singular Value Decomposition with High Relative Accuracy},
    Institution = {EECS Department, University of California, Berkeley},
    Year = {1997},
    Month = {Feb},
    URL = {http://www.eecs.berkeley.edu/Pubs/TechRpts/1997/5373.html},
    Number = {UCB/CSD-97-934}
}

@TECHREPORT{DGESVD97_TR,
  author =       {J.~Demmel and M.~Gu and S.~Eisenstat and I.~Slapni\v{c}ar and K.~Veseli\'{c} and Z.~Drma\v{c}},
  title =        {Computing the Singular Value Decomposition with High Relative Accuracy},
  institution =  {EECS Department, University of California, Berkeley}, 
  year =         {1997},
  type =         {},
  number =       {UCB/CSD-97-934},
  address =      {February},
  month =        {},
}

@TECHREPORT{DV06_TR,
  author =       {A.~Deshpande and S.~Vempala},
  title =        {Adaptive Sampling and Fast Low-Rank Matrix Approximation},
  institution =  {Electronic Colloquium on Computational Complexity}, 
  year =         {2006},
  type =         {},
  number =       {TR06-042},
  address =      {},
  month =        {},
}

@TECHREPORT{dkm_matrix_TR1,
  author =       {P.~Drineas and R.~Kannan and M.W.~Mahoney},
  title =        {
Fast {Monte Carlo} Algorithms for Matrices {I}: 
Approximating Matrix Multiplication
},
  institution =  {Yale University Department of Computer Science},
  year =         {2004},
  type =         {},
  number =       {YALEU/DCS/TR-1269},
  address =      {New Haven, CT},
  month =        {February},
  note =         {},
}

@TECHREPORT{dkm_matrix_TR2,
  author =       {P.~Drineas and R.~Kannan and M.W.~Mahoney},
  title =        {
Fast {Monte Carlo} Algorithms for Matrices {II}: 
Computing a Low-Rank Approximation to a Matrix
},
  institution =  {Yale University Department of Computer Science},
  year =         {2004},
  type =         {},
  number =       {YALEU/DCS/TR-1270},
  address =      {New Haven, CT},
  month =        {February},
  note =         {},
}

@TECHREPORT{dkm_matrix_TR3,
  author =       {P.~Drineas and R.~Kannan and M.W.~Mahoney},
  title =        {
Fast {Monte Carlo} Algorithms for Matrices {III}: 
Computing a Compressed Approximate Matrix Decomposition
},
  institution =  {Yale University Department of Computer Science},
  year =         {2004},
  type =         {},
  number =       {YALEU/DCS/TR-1271},
  address =      {New Haven, CT},
  month =        {February},
  note =         {},
}

@TECHREPORT{dkm_maxcut_TR,
  author =       {P.~Drineas and R.~Kannan and M.W.~Mahoney},
  title =        {Sampling Sub-problems of Heterogeneous {Max-Cut} Problems and Approximation Algorithms},
  institution =  {Yale University Department of Computer Science},
  year =         {2004},
  type =         {},
  number =       {YALEU/DCS/TR-1283},
  address =      {New Haven, CT},
  month =        {April},
}

@TECHREPORT{dm_kernel_TR,
  author =       {P.~Drineas and M.W.~Mahoney},
  title =        {On the {N}ystr\"{o}m Method for Approximating a {G}ram Matrix for Improved Kernel-Based Learning},
  institution =  {Yale University Department of Computer Science},
  year =         {2005},
  type =         {},
  number =       {YALEU/DCS/TR-1319},
  address =      {New Haven, CT},
  month =        {April},
  note =         {},
}

@TECHREPORT{dm_tensorSVD_TR,
  author =       {P.~Drineas and M.W.~Mahoney},
  title =        {A Randomized Algorithm for a Tensor-Based Generalization of the {S}ingular {V}alue {D}ecomposition},
  institution =  {Yale University Department of Computer Science},
  year =         {2005},
  type =         {},
  number =       {YALEU/DCS/TR-1327},
  address =      {New Haven, CT},
  month =        {June},
}

@TECHREPORT{dm_genome1_TR,
  author =       {P.~Drineas and M.W.~Mahoney},
  title =        {Structure Extraction and Identification from Genomic Microarray Data with a Data-Driven Matrix Decomposition of the Form $CUR$}, 
  institution =  {},
  year =         {},
  type =         {},
  number =       {},
  address =      {},
  month =        {},
}

@TECHREPORT{DMM06_relerr_TR,
  author =       {P.~Drineas and M.W.~Mahoney and S.~Muthukrishnan},
  title =        {Polynomial Time Algorithm for Column-Row Based Relative-Error Low-Rank Matrix Approximation},
  institution =  {DIMACS},
  year =         {2006},
  type =         {},
  number =       {2006-04},
  address =      {},
  month =        {March},
}

@TECHREPORT{DMM07_CURtheory_TR,
  author =       {P.~Drineas and M.W.~Mahoney and S.~Muthukrishnan},
  title =        {Relative-Error {CUR} Matrix Decompositions},
  note =         {Preprint: arXiv:0708.3696 (2007)},
}

@TECHREPORT{DMMS07_FastL2_TR,
  author =       {P.~Drineas and M.W.~Mahoney and S.~Muthukrishnan and T.~Sarl\'{o}s},
  title =        {Faster Least Squares Approximation},
  note =         {Preprint: arXiv:0710.1435 (2007)},
}

@TECHREPORT{DMMS07_FastL2_TRv3,
  author =       {P.~Drineas and M.W.~Mahoney and S.~Muthukrishnan and T.~Sarl\'{o}s},
  title =        {Faster Least Squares Approximation},
  note =         {Preprint: arXiv:0710.1435v3 (2007)},
}

@TECHREPORT{DMMS07_FastL2_TRv4-NM,
  author =       {P.~Drineas and M.W.~Mahoney and S.~Muthukrishnan and T.~Sarl\'{o}s},
  title =        {Faster Least Squares Approximation},
  note =         {Preprint: arXiv:0710.1435v4 (2007). Accepted for publication in \emph{Numerische Mathematik}.},
}

@TECHREPORT{DM10_TR,
  author =       {P.~Drineas and M.W.~Mahoney},
  title =        {Effective Resistances, Statistical Leverage, and Applications to Linear Equation Solving},
  note =         {Preprint: arXiv:1005.3097 (2010)},
}

@TECHREPORT{JAB09_TR,
  author =       {R.~Jenatton and J.-Y.~Audibert and F.~Bach}, 
  title =        {Structured Variable Selection with Sparsity-Inducing Norms},
  note =         {Preprint: arXiv:0904.3523 (2009)},
}

@TECHREPORT{JOB09_TR,
  author =       {R.~Jenatton and G.~Obozinski and F.~Bach}, 
  title =        {Structured Sparse Principal Component Analysis},
  note =         {Preprint: arXiv:0909.1440 (2009)},
}

@TECHREPORT{KKOV07_TR,
  author =       {R.~Khandekar and S.A.~Khot and L.~Orecchia and N.K.~Vishnoi},
  title =        {On a Cut-Matching Game for the Sparsest Cut Problem},
  institution =  {University of California, Berkeley},
  year =         {2007},
  type =         {},
  number =       {UCB/EECS-2007-177},
  address =      {Berkeley, CA},
  month =        {December},
}

@TECHREPORT{KPBV08_TR,
  author =       {D.~Krioukov and F.~Papadopoulos and M.~{Bogu\~{n}\'{a}} and A .~Vahdat},
  title =        {Efficient Navigation in Scale-Free Networks Embedded in Hyperbolic Metric Spaces},
  note =         {Preprint: arXiv:0805.1266 (2008)},
}

@TECHREPORT{LG05_TR,
  author =       {L.-H.~Lim and G.H.~Golub},
  title =        {Tensors for numerical multilinear algebra: ranks and basic decompositions},
  institution =  {Stanford University SCCM},
  year =         {2005},
  type =         {},
  number =       {05-02},
  address =      {Stanford, CA},
  month =        {April},
}

@TECHREPORT{LLDM08_communities_TR,
  author =       {J.~Leskovec and K.J.~Lang and A.~Dasgupta and M.W.~Mahoney},
  title =        {Community Structure in Large Networks: Natural Cluster Sizes and the Absence of Large Well-Defined Clusters},
  note =         {Preprint: arXiv:0810.1355 (2008)},
}

@TECHREPORT{Li08_TR1,
  author =       {P.~Li},
  title =        {On Approximating Frequency Moments of Data Streams with Skewed Projections},
  note =         {Preprint: arXiv:0802.0802 (2008)},
}

@TECHREPORT{Li08_TR2,
  author =       {P.~Li},
  title =        {Computationally Efficient Estimators for Dimension Reductions Using Stable Random Projections},
  note =         {Preprint: arXiv:0806.4422 (2008)},
}

@TECHREPORT{Li08_TR3,
  author =       {P.~Li},
  title =        {On Approximating the {L}p Distances for $p>2$},
  note =         {Preprint: arXiv:0806.4423 (2008)},
}

@TECHREPORT{Li08_TR4,
  author =       {P.~Li},
  title =        {The Optimal Quantile Estimator for Compressed Counting},
  note =         {Preprint: arXiv:0808.1766 (2008)},
}

@TECHREPORT{Li08_TR5,
  author =       {P.~Li},
  title =        {A Very Efficient Scheme for Estimating Entropy of Data Streams Using Compressed Counting},
  note =         {Preprint: arXiv:0808.1771 (2008)},
}

@TECHREPORT{Li06_TR1,
  author =       {P.~Li},
  title =        {Very Sparse Stable Random Projections, Estimators and Tail Bounds for Stable Random Projections},
  note =         {Preprint: arXiv:abs/cs/0611114 (2006)},
}

@TECHREPORT{LLY09_TR,
  author =       {L.~Lin and J.~Lu and L.~Ying},
  title =        {Fast construction of hierarchical matrix representation from matrix-vector multiplication},
  note =         {Preprint: arXiv:1001.0149 (2009)},
}

@TECHREPORT{Malik10_TR,
  author =       {M.~Magdon-Ismail},
  title =        {Row Sampling for Matrix Algorithms via a Non-Commutative {B}ernstein Bound},
  note =         {Preprint: arXiv:1008.0587 (2010)},
}

@TECHREPORT{DMM11_InPrep,
  author =       {P.~Drineas and M.~Magdon-Ismail and M.W.~Mahoney},
  title =        {},
  note =         {In preparation. (2011)},
}

@TECHREPORT{MN09_TR,
  author =       {M.~W.~Mahoney and H.~Narayanan},
  title =        {Learning with Spectral Kernels and Heavy-Tailed Data},
  note =         {Preprint: arXiv:0906.4539 (2009)},
}

@TECHREPORT{MOV09_TR,
  author =       {M.~W.~Mahoney and L.~Orecchia and N.~K.~Vishnoi},
  title =        {A Spectral Algorithm for Improving Graph Partitions with Applications to Exploring Data Graphs Locally},
  note =         {Preprint: arXiv:0912.0681 (2009)},
}

@TECHREPORT{MOV09_TRv1,
  author =       {M.~W.~Mahoney and L.~Orecchia and N.~K.~Vishnoi},
  title =        {A Spectral Algorithm for Improving Graph Partitions},
  note =         {Preprint: arXiv:0912.0681 (2009)},
}

@TECHREPORT{MOV09_TRv2,
  author =       {M.~W.~Mahoney and L.~Orecchia and N.~K.~Vishnoi},
  title =        {A Spectral Algorithm for Improving Graph Partitions with Applications to Exploring Data Graphs Locally},
  note =         {Preprint: arXiv:0912.0681 (2009)},
}

@TECHREPORT{MO10a_TR,
  author =       {M.~W.~Mahoney and L.~Orecchia},
  title =        {Implementing regularization implicitly via approximate eigenvector computation},
  note =         {Preprint: arXiv:1010.0703 (2010)},
  year =         {2010},
}

@TECHREPORT{MDWGCVC04_TR,
  author =       {M.~Maggioni and G.L.~Davis and F.J.~Warner and F.B.~Geshwind and A.C.~Coppi and R.A.~DeVerse and R.R.~Coifman},
  title =        {Algorithms from Signal and Data Processing Applied to Hyperspectral Analysis: Discriminating Normal and Malignant Microarray Colon Tissue Sections Using a Novel Digital Mirror Device System},
  institution =  {Yale University Department of Computer Science},
  year =         {2004},
  type =         {},
  number =       {YALEU/DCS/TR-1311},
  address =      {New Haven, CT},
  month =        {February},
}

@TECHREPORT{MRT06_TR2,
  author =       {P.-G.~Martinsson and V.~Rokhlin and M.~Tygert},
  title =        {A randomized algorithm for the approximation of matrices},
  institution =  {Yale University Department of Computer Science},
  year =         {2006},
  type =         {},
  number =       {YALEU/DCS/TR-1361},
  address =      {New Haven, CT},
  month =        {June},
}

@TECHREPORT{Mar08_TR,
  author =       {P.-G.~Martinsson},
  title =        {Rapid factorization of structured matrices via randomized sampling},
  note =         {Preprint: arXiv:0806.2339 (2008)},
}

@TECHREPORT{NST10_TR,
  author =       {O.~Narayan and I.~Saniee and G.~H.~Tucci},
  title =        {Title: Lack of Spectral Gap and Hyperbolicity in Asymptotic {Erd\H{o}s-R\'{e}nyi} Random Graphs},
  note =         {Preprint: arXiv:1009.5700 (2010)},
}

@TECHREPORT{Niy08_TR,
  author =       {P.~Niyogi},
  title =        {Manifold Regularization and Semi-supervised Learning: Some Theoretical Analyses},
  institution =  {University of Chicago, Computer Science Dept.},
  year =         {2008},
  type =         {},
  number =       {TR-2008-01},
  address =      {},
  month =        {},
}

@TECHREPORT{Oli10,
  author =       {R.~I.~Oliveira},
  title =        {{Sums of random Hermitian matrices and an inequality by Rudelson}},
  note =         {Preprint: arXiv:1004.3821v1 (2010)},
}

@TECHREPORT{RVW05,
  author =       {L.~Rademacher and S.~Vempala and G.~Wang},
  title =        {Matrix Approximation and Projective Clustering via Iterative Sampling},
  institution =  {Massachusetts Institute of Technology},
  year =         {2005},
  type =         {},
  number =       {MIT-LCS-TR-983},
  address =      {Cambridge, MA},
  month =        {March},
}

@TECHREPORT{RFP07_TR,
  author =       {B.~Recht and M.~Fazel and P.~A.~Parrilo},
  title =        {Guaranteed Minimum-Rank Solutions of Linear Matrix Equations via Nuclear Norm Minimization},
  note =         {Preprint: arXiv:0706.4138 (2007)},
}

@TECHREPORT{RT09_TR,
  author =       {V.~Rokhlin and M.~Tygert},
  title =        {A fast randomized algorithm for orthogonal projection},
  note =         {Preprint: arXiv:0912.1135 (2009)},
}

@TECHREPORT{RST08_TR,
  author =       {V.~Rokhlin and A.~Szlam and M.~Tygert},
  title =        {A randomized algorithm for principal component analysis},
  note =         {Preprint: arXiv:0809.2274 (2008)},
}

@TECHREPORT{Sch00_TR,
  author =       {B.~Sch\"{o}lkopf},
  title =        {Statistical Learning and Kernel Methods},
  institution =  {Microsoft Research},
  year =         {2000},
  type =         {},
  number =       {MSR-TR-2000-23},
  address =      {Redmond,WA},
  month =        {},
}

@TECHREPORT{SS08a_TR,
  author =       {D.A.~Spielman and N.~Srivastava},
  title =        {Graph Sparsification by Effective Resistances},
  note =         {Preprint: arXiv:0803.0929 (2008)},
}

@TECHREPORT{ST08b_TR,
  author =       {D.A.~Spielman and S.-H.~Teng},
  title =        {A Local Clustering Algorithm for Massive Graphs and its Application to Nearly-Linear Time Graph Partitioning},
  note =         {Preprint: arXiv:0809.3232 (2008)},
}

@TECHREPORT{ST08a_TR,
  author =       {D.A.~Spielman and S.-H.~Teng},
  title =        {Spectral Sparsification of Graphs},
  note =         {Preprint: arXiv:0808.4134 (2008)},
}

@TECHREPORT{ST06a_TR,
  author =       {D.A.~Spielman and S.-H.~Teng},
  title =        {Nearly-Linear Time Algorithms for Preconditioning and Solving Symmetric, Diagonally Dominant Linear Systems},
  note =         {Preprint: arXiv:cs/0607105 (2006)},
}

@TECHREPORT{Ste04_TR,
  author =       {G.W.~Stewart},
  title =        {Error Analysis of the Quasi-{G}ram-{S}chmidt Algorithm},
  institution =  {University of Maryland},
  year =         {2004},
  type =         {},
  number =       {UMIACS TR-2004-17 CMSC TR-4572},
  address =      {College Park, MD},
  month =        {},
}

@TECHREPORT{Tro04a_TR,
  author =       {J.A.~Tropp},
  title =        {Just relax: Convex programming methods for subset selection and sparse approximation},
  institution =  {University of Texas at Austin},
  year =         {2004},
  type =         {},
  number =       {ICES Report 04-04},
  address =      {},
  month =        {February},
}

@TECHREPORT{Tro06_TR,
  author =       {J.A.~Tropp},
  title =        {The random paving property for uniformly bounded matrices},
  note =         {Preprint: arXiv:math/0612070 (2006)},
}

@TECHREPORT{Ver00_TR,
  author =       {R.~Vershynin},
  title =        {Coordinate restrictions of linear operators in $l_2^n$},
  note =         {Preprint: arXiv:math/0011232 (2000)},
}

@TECHREPORT{Vig09_TR,
  author =       {S.~Vigna},
  title =        {Spectral Ranking},
  note =         {Preprint: arXiv:0912.0238 (2009)},
}

@TECHREPORT{Way11_TR,
  author =       {M.~J.~Way},
  title =        {{G}alaxy {Z}oo Morphology and Photometric Redshifts in the {S}loan {D}igital {S}ky {S}urvey},
  note =         {Preprint: arXiv:1104.3758 (2011)},
}

@TECHREPORT{WRST02_TR,
  author =       {C.K.I.~Williams and C.E.~Rasmussen and A.~Schwaighofer and V.~Tresp},
  title =        {Observations on the {N}ystr\"{o}m Method for {G}aussian Process Prediction},
  institution =  {University of Edinburgh},
  year =         {2002},
  type =         {},
  number =       {},
  address =      {},
  month =        {},
}

@TECHREPORT{WLRT07_TR,
  author =       {F.~Woolfe and E.~Liberty and V.~Rokhlin and M.~Tygert},
  title =        {A fast randomized algorithm for the approximation of matrices},
  institution =  {Yale University Department of Computer Science},
  year =         {2007},
  type =         {},
  number =       {YALEU/DCS/TR-1380},
  address =      {New Haven, CT},
  month =        {},
}

@TECHREPORT{zg04_TR,
  author =       {D.~Zeimpekis and E.~Gallopoulos},
  title =        {{CLSI}: A Flexible Approximation Scheme from Clustered Term-Document Matrices},
  institution =  {University of Patras},
  year =         {2004},
  type =         {},
  number =       {HPCLAB-SCG 2/10-04},
  address =      {Patras, Greece},
  month =        {October},
}

%%%%%%%%%%%%%%%%%%%%%%%%%%%%%%%%%%%%%%%%%%%%%%%%%%%%%%%%%%%%%%%%%%%%%%%%%%%%%%%%%%%%%%%%%%%%%%%%%%%%
%%%%%%%%%%%%%%%%%%%%%%%%%%%%%%%%%%%%%%%%%%%%%%%%%%%%%%%%%%%%%%%%%%%%%%%%%%%%%%%%%%%%%%%%%%%%%%%%%%%%

@PHDTHESIS{auerbach,
  author =       {H.~Auerbach},
  title =        {On the Area of Convex Curves with Conjugate Diameters (in {P}olish)},
  school =       {University of Lw\'ow}, 
  year =         {1930},
}

@PHDTHESIS{BanerjeeTH,
  author =       {A.~Banerjee},
  title =        {The Spectrum of the Graph {L}aplacian as a Tool for Analyzing Structure and Evolution of Networks},
  school =       {University of Leipzig},
  year =         {2008},
}

@PHDTHESIS{BelkinTH,
  author =       {M.~Belkin},
  title =        {Problems of Learning on Manifolds},
  school =       {University of Chicago},
  year =         {2003},
}

@PHDTHESIS{DrineasTH,
  author =       {P.~Drineas},
  title =        {Randomized Algorithms for Matrix Operations},
  school =       {Yale University},
  year =         {2002},
}

@PHDTHESIS{ZBYTH,
  author =       {Z.~Bar-Yossef},
  title =        {The Complexity of Massive Data Set Computations},
  school =       {University of California, Berkeley},
  year =         {2002},
}

@PHDTHESIS{LafonTH,
  author =       {S.~Lafon},
  title =        {Diffusion Maps and Geometric Harmonics},
  school =       {Yale University},
  year =         {2004},
}

@PHDTHESIS{RifkinTH,
  author =       {R.~Rifkin},
  title =        {Everything Old Is New Again: A Fresh Look at Historical Approaches in Machine Learning},
  school =       {Massachusetts Institute of Technology},
  year =         {2002},
}

@PHDTHESIS{JSunTH,
  author =       {J.~Sun},
  title =        {Incremental Pattern Discovery on Streams, Graphs and Tensors},  school =       {Carnegie Mellon University},
  year =         {2007},
}

@PHDTHESIS{TalwalkarTH,
  author =       {A.~Talwalkar},
  title =        {Matrix Approximation for Large-scale Learning},
  school =       {New York University},
  year =         {2010},
}

%%%%%%%%%%%%%%%%%%%%%%%%%%%%%%%%%%%%%%%%%%%%%%%%%%%%%%%%%%%%%%%%%%%%%%%%%%%%%%%%%%%%%%%%%%%%%%%%%%%%
%%%%%%%%%%%%%%%%%%%%%%%%%%%%%%%%%%%%%%%%%%%%%%%%%%%%%%%%%%%%%%%%%%%%%%%%%%%%%%%%%%%%%%%%%%%%%%%%%%%%

@ARTICLE{NJDRR,
  author =       {D.~Barbara and C.~Faloutsos and J.~Hellerstein and Y.~Ioannidis and H.V.~Jagadish and T.~Johnson and R.~Ng and V.~Poosala and K.~Ross and K.C.~Sevcik},
  title =        {The {New Jersey} Data Reduction Report},
  journal =      {Bulletin of the IEEE Computer Society Technical Committee on Data Engineering},
  year =         {1997},
  volume =       {},
  number =       {},
  pages =        {},
}

%%%%%%%%%%%%%%%%%%%%%%%%%%%%%%%%%%%%%%%%%%%%%%%%%%%%%%%%%%%%%%%%%%%%%%%%%%%%%%%%%%%%%%%%%%%%%%%%%%%%
%%%%%%%%%%%%%%%%%%%%%%%%%%%%%%%%%%%%%%%%%%%%%%%%%%%%%%%%%%%%%%%%%%%%%%%%%%%%%%%%%%%%%%%%%%%%%%%%%%%%

@ARTICLE{FSS96,
  author =       {U.~Fayyad and G.~Piatetsky-Shapiro and P.~Smyth},
  title =        {From data mining to knowledge discovery in databases},
  journal =      {AI Magazine},
  year =         {1996},
  volume =       {17},
  number =       {},
  pages =        {37--54},
}

@ARTICLE{MMDS06,
  author =       {G.~H.~Golub and M.~W.~Mahoney and P.~Drineas and L.-H.~Lim},
  title =        {Bridging the Gap Between Numerical Linear Algebra, Theoretical Computer Science, and Data Applications},
  journal =      {SIAM News},
  year =         {October 2006},
  volume =       {39},
  number =       {8},
  pages =        {},
}

@ARTICLE{MMDS06summary,
  author =       {G.~H.~Golub and M.~W.~Mahoney and P.~Drineas and L.-H.~Lim},
  title =        {Bridging the Gap Between Numerical Linear Algebra, Theoretical Computer Science, and Data Applications},
  journal =      {SIAM News},
  year =         {October 2006},
  volume =       {39},
  number =       {8},
  pages =        {},
}

@ARTICLE{MMDS08_KDDExp,
  author =       {M.~W.~Mahoney and L.-H.~Lim and G.~E.~Carlsson},
  title =        {Algorithmic and Statistical Challenges in Modern Large-Scale Data Analysis are the Focus of {MMDS} 2008},
  journal =      {SIGKDD Explorations},
  year =         {December 2008},
  volume =       {10},
  number =       {2},
  pages =        {57--60}, 
}

@ARTICLE{MMDS08_SiamNews,
  author =       {M.~W.~Mahoney and L.-H.~Lim and G.~E.~Carlsson},
  title =        { {MMDS} 2008: Algorithmic and Statistical Challenges in Modern Large-Scale Data Analysis },
  journal =      {SIAM News},
  year =         {January/February and March 2009},
  volume =       {42},
  number =       {1 \& 2},
  pages =        {},
}

@TECHREPORT{MMDS08_arxiv,
  author =       {M.~W.~Mahoney and L.-H.~Lim and G.~E.~Carlsson},
  title =        {Algorithmic and Statistical Challenges in Modern Large-Scale Data Analysis are the Focus of {MMDS} 2008},
  note =         {Preprint: arXiv:0812.3702 (2008)},
}

@TECHREPORT{MMDS10_arxiv,
  author =       {M.~W.~Mahoney},
  title =        {Computation in Large-Scale Scientific and {I}nternet Data Applications is a Focus of {MMDS} 2010},
  note =         {Preprint: arXiv:1012.4231 (2010)},
}

@ARTICLE{PS03,
  author =       {T.~Poggio and S.~Smale},
  title =        {The Mathematics of Learning: Dealing with Data},
  journal =      {Notices of the AMS},
  year =         {May 2003},
  volume =       {50},
  number =       {5},
  pages =        {537--544},
}

@MISC{Sok89,
  author =       {A. D. Sokal},
  title =        {{Monte Carlo} Methods in Statistical Mechanics: Foundations and New Algorithms},
  year =         {1989},
  note =         {Given at the Troisieme Cycle de la Physique en Suisse Romande, Lausanne, Switzerland, Jun 15-29, 1989.}
}

@MISC{DMM06_relerr_110305,
  author =       {P.~Drineas and M.W.~Mahoney and S.~Muthukrishnan},
  title =        {Polynomial Time Algorithm for Column-Row Based Relative-Error Low-Rank Matrix Approximation},
  year =         {},
  note =         {Manuscript. November 3, 2005.}
}

@MISC{Gad05_DRAFT,
  author =       {S.~Gadgil},
  title =        {$\delta$-hyperbolic spaces},
  note =         {Manuscript. January 2005.},
}

@MISC{HarPeled06_relerr_DRAFT,
  author =       {S.~Har-Peled},
  title =        {Low rank matrix approximation in linear time},
  year =         {},
  note =         {Manuscript. January 2006.}
}

@MISC{Friedman10,
  author =       {T.~Hastie and R.~Tibshirani and J.~Friedman},
  title =        {Applications of the lasso and grouped lasso to the estimation of sparse graphical models},
  year =         {},
  note =         {Manuscript. Submitted. 2010.},
}

%%%%%%%%%%%%%%%%%%%%%%%%%%%%%%%%%%%%%%%%%%%%%%%%%%%%%%%%%%%%%%%%%%%%%%%%%%%%%%%%%%%%%%%%%%%%%%%%%%%%
%%%%%%%%%%%%%%%%%%%%%%%%%%%%%%%%%%%%%%%%%%%%%%%%%%%%%%%%%%%%%%%%%%%%%%%%%%%%%%%%%%%%%%%%%%%%%%%%%%%%

@MISC{AMT09_DRAFT,
  author =       {H.~Avron and P.~Maymounkov and S.~Toledo},
  title =        {Blendenpik: Supercharging {LAPACK}'s least-squares solver},
  note =         {Manuscript. 2009.},
}

@MISC{CBV11-SUB,
  author =       {M.~Cucuringu and V.~Blondel, P.~Van~Dooren},
  title =        {Extracting spatial information from networks with low-order eigenvectors},
  note =         {Manuscript. Submitted for publication. 2010.},
}

@MISC{Donoho00,
  author =       {D.L.~Donoho},
  title =        {Aide-Memoire. {H}igh-Dimensional Data Analysis: The Curses and Blessings of Dimensionality},
  year =         {2000},
  note =         {\texttt{http://www-stat.stanford.edu/~donoho/Lectures/AMS2000/Curses.pdf} Accessed December, 17 2008},
}

@MISC{DKM_unpub,
  author =       {P.~Drineas and R.~Kannan and M.W.~Mahoney},
  note =         {(unpublished results).}
}

@MISC{DM_unpub,
  author =       {P.~Drineas and M.W.~Mahoney},
  note =         {(unpublished results).}
}

@MISC{LHL_unpub,
  author =       {L.-H. Lim},
  note =         {(unpublished results).}
}

@MISC{Sayan11-unpub,
  author =       {S.~Georgiev and S.~Mukherjee},
  note =         {Unpublished results, 2011.}
}

@MISC{LYMLYR0x,
  author =       {L.~Lin and C.~Yang and J.C.~Meza and J.~Lu and L.~Ying and W.~E},
  title =        {{SelInv}--An Algorithm for Selected Inversion of a Sparse Symmetric Matrix},
  note =         {Manuscript.},
}

@MISC{censusA,
  title =        {{US Census County-to-County Migration Flow Files.}},
  note =         {\texttt{http://www.census.gov/population/www/cen2000/ctytoctyflow/index.html}},
}

@MISC{censusB,
  title =        {},
  note =         {\texttt{http://www.census.gov/population/www/cen2000/ctytoctyflow/index.html}},
}

@MISC{zebranet,
  howpublished = "http://www.cs.princeton.edu/$\tilde{\ }$mrm/zebranet.html",
}

@ARTICLE{BMR06,
  AUTHOR =       {S.~Bhaghat and S.~Muthukrishnan and D.~Rosenbluth},
  TITLE =        {{Group Sensing with Electroencephalograms (EEG)}},
  JOURNAL =      "DIMACS Workshop on Data Mining, Systems Analysis, and Optimization in Neuroscience",
  YEAR =         "2006",
}

@MISC{newsdd_blogpost,
  title =        {{News Direct Display}},
  note =         {\texttt{http://www.ysearchblog.com/archives/000605.html}},
}

@MISC{mmds_web_page,
  title =        {{Workshop on Algorithms for Modern Massive Data Sets}},
  note =         {\texttt{http://mmds.stanford.edu}},
}

@MISC{my_cs369mf09_class_web_page,
  title =        {{Algorithms for Massive Data Set Analysis, Fall 2009}},
  note =         {\texttt{http://www.stanford.edu/class/cs369m}},
}

@MISC{odp,
  title =        {{O}pen {D}irectory {P}roject.},
  note =         {\texttt{http://www.dmoz.org/}},
}

@MISC{20NG-RR,
  title =        {{20 {N}ewsgroups {D}ataset.  J. Rennie}},
  note =         {\texttt{http://people.csail.mit.edu/jrennie/20Newsgroups/}},
}

@MISC{20NG-UCI,
  title =        {{20 {N}ewsgroups {D}ataset.  UCI KDD Archive.}},
  note =         {\texttt{http://kdd.ics.uci.edu/databases/20newsgroups/20newsgroups.html}},
}

@MISC{Fri98,
  author =       {J.H.~Friedman},
  title =        {Data mining and statistics--what's the connection},
  note =         {Manuscript. 1998.},
}

@MISC{Fri03,
  author =       {J.H.~Friedman},
  title =        {Recent advances in (machine) learning},
  note =         {(SLAC) . SLAC-PUB-10321, PHYSTAT-2003-WEAT003, Sep 2003. 11pp},
}

@MISC{propack,
  author =       {R.~Larsen},
  title =        {{P}{R}{O}{P}{A}{C}{K}: {A} software package for the symmetric
  eigenvalue problem and singular value problems on {Lanczos} and {Lanczos}
  bidiagonalization with partial reorthogonalization},
  note =         {http://soi.stanford.edu/$\sim$rmunk/$\sim$PROPACK/},
}

@MISC{MO10_DRAFT,
  author =       {M.~W.~Mahoney and L.~Orecchia},
  title =        {Implementing regularization implicitly via approximate eigenvector computation},
  note =         {Manuscript. 2010.},
}

%%%%%%%%%%%%%%%%%%%%%%%%%%%%%%%%%%%%%%%%%%%%%%%%%%%%%%%%%%%%%%%%%%%%%%%%%%%%%%%%%%%%%%%%%%%%%%%%%%%%
%%%%%%%%%%%%%%%%%%%%%%%%%%%%%%%%%%%%%%%%%%%%%%%%%%%%%%%%%%%%%%%%%%%%%%%%%%%%%%%%%%%%%%%%%%%%%%%%%%%%

@ARTICLE{Angeletti1_poster,
  author =       {C.~Angeletti and N.R.~Harvey and V.~Khomitch and R.~Levenson and D.L.~Rimm},
  title =        {Detection of malignant cells in cytology specimen using GENIE hybrid genetic algorithm},
  journal =      {Mod Pathol},
  year =         {2004},
  volume =       {17},
  number =       {},
  pages =        {Suppl 1:350A}
};

@ARTICLE{Angeletti2_poster,
  author =       {C.~Angeletti and R.~Jaganth and R.M.~Levenson and D.L.~Rimm},
  title =        {Spectral analysis: A novel method for classification of urine cytology},
  journal =      {Mod Pathol},
  year =         {2003},
  volume =       {16},
  number =       {},
  pages =        {57A}
};

@ARTICLE{Barry_poster,
  author =       {T.S.~Barry and A.M.~Gown and H.E.~Yaziji and R.W.~Levenson},
  title =        {Use of spectral imaging analysis for evaluation of multi-color immuno- histochemistry},
  journal =      {Mod Pathol},
  year =         {2004},
  volume =       {17},
  number =       {},
  pages =        {Suppl 1:350A}
};

@ARTICLE{Davis1_poster,
  author =       {G.L.~Davis and M.~Maggioni and R.R.~Coifman and D.L.~Rimm and R.M.~Levenson},
  title =        {Spectral/spatial analysis of colon carcinoma},
  journal =      {Mod Pathol},
  year =         {2003},
  volume =       {16},
  number =       {},
  pages =        {3320:3321A}
};

@ARTICLE{Davis2_poster,
  author =       {G.L.~Davis and M.~Maggioni and F.J.~Warner and F.B.~Geshwind and A.C.~Coppi and R.A.~DeVerse and R.R.~Coifman},
  title =        {Spectral Analysis of Normal and Malignant Microarray Tissue Sections Using a Novel Micro-optoelectricalmechanical System},
  journal =      {Mod Pathol},
  year =         {2004},
  volume =       {17},
  number =       {},
  pages =        {1:358A},
}

%%%%%%%%%%%%%%%%%%%%%%%%%%%%%%%%%%%%%%%%%%%%%%%%%%%%%%%%%%%%%%%%%%%%%%%%%%%%%%%%%%%%%%%%%%%%%%%%%%%%
%%%%%%%%%%%%%%%%%%%%%%%%%%%%%%%%%%%%%%%%%%%%%%%%%%%%%%%%%%%%%%%%%%%%%%%%%%%%%%%%%%%%%%%%%%%%%%%%%%%%

