@INPROCEEDINGS{andersen06local,
   author    = {R.~Andersen and F.R.K.~Chung and K.~Lang},
   title     = {Local Graph Partitioning using {PageRank} Vectors},
   booktitle = {FOCS '06: Proceedings of the 47th Annual IEEE Symposium on Foundations of Computer Science},
   year      = {2006},
   pages     = {475--486},
}

@ARTICLE{BN03,
  author =       {M.~Belkin and P.~Niyogi},
  title =        {{L}aplacian eigenmaps for dimensionality reduction and data representation},
  journal  =     {Neural Computation},
  year =         {2003},
  volume =       {15},
  number =       {6},
  pages =        {1373--1396}, 
}

@BOOK{Bollobas85,
  author =       {B. Bollobas},
  title =        {Random Graphs},
  publisher =    {Academic Press},
  year =         {1985},
  address =      {London},
  series =       {},
}

@INPROCEEDINGS{chandra1989electrical,
  author={Chandra, A. K. and Raghavan, P. and Ruzzo, W. L. and Smolensky, R. and Tiwari, P.},
  year={1989},
  title={The Electrical Resistance of a Graph Captures its Commute and Cover Times},
  booktitle={Proc. Twenty-first Ann. ACM Symp. Theor. Comp.},
  pages={574--586},
  publisher={ACM Press, Seattle}
}

@ARTICLE{chebotarev1998proximity,
  author={Chebotarev, P. Yu and Shamis, E. V.},
  year={1998},
  title={On Proximity Measures for Graph Vertices},
  journal={Automation and Remote Control},
  volume={59},
  number={10},
  pages={1443--1459}
}

@ARTICLE{Chung07_heatkernelPNAS,
   author  = {F.R.K.~Chung},
   title   = {The heat kernel as the pagerank of a graph},
   journal = {Proceedings of the National Academy of Sciences of the United States of America},
   year    = {2007},
   volume  = {104},
   number  = {50},
   pages   = {19735--19740},
}

@ARTICLE{Donath:1973,
   author  = {W.E.~Donath and A.J.~Hoffman},
   title   = {Lower Bounds for the Partitioning of Graphs},
   journal = {IBM Journal of Research and Development},
   year    = {1973},
   volume  = {17},
   number  = {},
   pages   = {420--425},
}

@ARTICLE{fabius1973two,
  author={Fabius, J.},
  year={1973},
  title={Two characterizations of the {D}irichlet distribution},
  journal={Ann. Statist.},
  volume={1},
  pages={583--587}
}

@ARTICLE{fiedler75B,
   author  = {M.~Fiedler},
   title   = {A property of eigenvectors of nonnegative symmetric matrices and its application to graph theory},
   journal = {Czechoslovak Mathematical Journal},
   year    = {1975},
   volume  = {25},
   number  = {100},
   pages   = {619--633},
}

@ARTICLE{guatterymiller98,
   author  = {S.~Guattery and G.L.~Miller},
   title   = {On the Quality of Spectral Separators},
   journal = {SIAM Journal on Matrix Analysis and Applications},
   year    = {1998},
   volume  = {19},
   number  = {},
   pages   = {701--719},
}

@ARTICLE{HLW06_expanders,
   author  = {S.~Hoory and N.~Linial and A.~Wigderson},
   title   = {Expander graphs and their applications},
   journal = {Bulletin of the American Mathematical Society},
   year    = {2006},
   volume  = {43},
   number  = {},
   pages   = {439--561},
}

@INPROCEEDINGS{Joa03,
  author =       {T.~Joachims},
  title =        {Transductive learning via spectral graph partitioning},
  booktitle =    {Proceedings of the 20th International Conference on Machine Learning},
  year =         {2003},
  pages =        {290--297},
}

@ARTICLE{LLDM09_communities_IM,
   author  = {J.~Leskovec and K.J.~Lang and A.~Dasgupta and M.W.~Mahoney},
   title   = {Community Structure in Large Networks: Natural Cluster Sizes and the Absence of Large Well-Defined Clusters},
   journal = {Internet Mathematics},
   year    = {2009},
   volume  = {6},
   number  = {1},
   pages   = {29--123},
   note =    {Also available at: arXiv:0810.1355},
}

@INPROCEEDINGS{Mihail,
  author    = {M.~Mihail},
  title     = {Conductance and Convergence of {M}arkov Chains---A Combinatorial Treatment of Expanders},
  booktitle =    {Proceedings of the 30th Annual IEEE Symposium on Foundations of Computer Science},
  year      = {1989},
  pages     = {526--531},
}

@UNPUBLISHED{MOV09_TRv2,
  author =       {M.~W.~Mahoney and L.~Orecchia and N.~K.~Vishnoi},
  title =        {A Spectral Algorithm for Improving Graph Partitions with Applications to Exploring Data Graphs Locally},
  note =         {Preprint: arXiv:0912.0681},
  year =         {2009},
}

@INPROCEEDINGS{MO11-implementing,
  author =       {M.~W.~Mahoney and L.~Orecchia},
  title =        {Implementing regularization implicitly via approximate eigenvector computation},
  booktitle =    {Proceedings of the 28th International Conference on Machine Learning},
  year =         {2011},
  pages =        {121--128},
}

@UNPUBLISHED{PM11_TR,
  author =       {P.~O.~Perry and M.~W.~Mahoney},
  title =        {Regularized {L}aplacian estimation and fast eigenvector approximation},
  note =         {Preprint: arXiv:1110.1757},
  year =	 {2011},
}


@ARTICLE{ShiMalik00_NCut,
   author  = {J.~Shi and J.~Malik},
   title   = {Normalized Cuts and Image Segmentation},
   journal = {IEEE Transcations of Pattern Analysis and Machine Intelligence},
   year    = {2000},
   volume  = {22},
   number  = {8},
   pages   = {888--905},
}

@INPROCEEDINGS{spielman96_spectral,
   author    = {D.A.~Spielman and S.-H.~Teng},
   title     = {Spectral partitioning works: Planar graphs and finite element meshes},
   booktitle = {FOCS '96: Proceedings of the 37th Annual IEEE Symposium on Foundations of Computer Science},
   year      = {1996},
   pages     = {96--107}
}

@INPROCEEDINGS{Spielman:2004,
   author    = {D.A.~Spielman and S.-H.~Teng},
   title     = {Nearly-linear time algorithms for graph partitioning, graph sparsification, and solving linear systems},
   booktitle = {STOC '04: Proceedings of the 36th annual ACM Symposium on Theory of Computing},
   year      = {2004},
   pages     = {81--90},
}

@ARTICLE{watts98collective,
   author  = {D.J.~Watts and S.H.~Strogatz},
   title   = {Collective dynamics of small-world networks},
   journal = {Nature},
   year    = {1998},
   volume  = {393},
   number  = {},
   pages   = {440--442},
}

